<collection xmlns="http://www.loc.gov/MARC21/slim">
<record>
  <leader>04218cam a22003977i 4500</leader>
  <controlfield tag="001">18390455</controlfield>
  <controlfield tag="005">20200103120517.0</controlfield>
  <controlfield tag="008">141201s2015    maua          001 0 eng  </controlfield>
  <datafield tag="906" ind1=" " ind2=" ">
    <subfield code="a">7</subfield>
    <subfield code="b">cbc</subfield>
    <subfield code="c">orignew</subfield>
    <subfield code="d">1</subfield>
    <subfield code="e">ecip</subfield>
    <subfield code="f">20</subfield>
    <subfield code="g">y-gencatlg</subfield>
  </datafield>
  <datafield tag="925" ind1="0" ind2=" ">
    <subfield code="a">acquire</subfield>
    <subfield code="b">2 shelf copies</subfield>
    <subfield code="x">policy default (ex.)</subfield>
  </datafield>
  <datafield tag="955" ind1=" " ind2=" ">
    <subfield code="b">rm07 2014-12-01</subfield>
    <subfield code="c">rm07 2014-12-01 (telework) ONIX</subfield>
    <subfield code="d">rm03 2014-12-05 2015-02-04 to Dewey</subfield>
    <subfield code="w">xl03 2015-02-04</subfield>
    <subfield code="a">xn11 2015-04-17 1 copy rec&apos;d., to CIP ver.</subfield>
    <subfield code="f">rm05 2015-06-20 to CALM</subfield>
    <subfield code="t">rm08 2015-10-16 copy 2 added</subfield>
  </datafield>
  <datafield tag="010" ind1=" " ind2=" ">
    <subfield code="a">  2014042968</subfield>
  </datafield>
  <datafield tag="020" ind1=" " ind2=" ">
    <subfield code="a">9780738218144 (paperback)</subfield>
  </datafield>
  <datafield tag="020" ind1=" " ind2=" ">
    <subfield code="z">9780738218151 (e-book)</subfield>
  </datafield>
  <datafield tag="040" ind1=" " ind2=" ">
    <subfield code="a">DLC</subfield>
    <subfield code="b">eng</subfield>
    <subfield code="c">DLC</subfield>
    <subfield code="e">rda</subfield>
  </datafield>
  <datafield tag="050" ind1="0" ind2="0">
    <subfield code="a">HF5386</subfield>
    <subfield code="b">.M2344 2015</subfield>
  </datafield>
  <datafield tag="082" ind1="0" ind2="0">
    <subfield code="a">650.1</subfield>
    <subfield code="2">23</subfield>
  </datafield>
  <datafield tag="084" ind1=" " ind2=" ">
    <subfield code="a">SPO035000</subfield>
    <subfield code="a">SEL027000</subfield>
    <subfield code="a">HEA007000</subfield>
    <subfield code="2">bisacsh</subfield>
  </datafield>
  <datafield tag="100" ind1="1" ind2=" ">
    <subfield code="a">Macy, Travis.</subfield>
  </datafield>
  <datafield tag="245" ind1="1" ind2="4">
    <subfield code="a">The ultra mindset :</subfield>
    <subfield code="b">an endurance champion&apos;s 8 core principles for success in business, sports, and life /</subfield>
    <subfield code="c">Travis Macy with John Hanc.</subfield>
  </datafield>
  <datafield tag="264" ind1=" " ind2="1">
    <subfield code="a">Boston, MA :</subfield>
    <subfield code="b">Da Capo Lifelong, A Member of the Perseus Books Group,</subfield>
    <subfield code="c">[2015]</subfield>
  </datafield>
  <datafield tag="300" ind1=" " ind2=" ">
    <subfield code="a">xiv, 274 pages :</subfield>
    <subfield code="b">illustrations ;</subfield>
    <subfield code="c">24 cm</subfield>
  </datafield>
  <datafield tag="336" ind1=" " ind2=" ">
    <subfield code="a">text</subfield>
    <subfield code="2">rdacontent</subfield>
  </datafield>
  <datafield tag="337" ind1=" " ind2=" ">
    <subfield code="a">unmediated</subfield>
    <subfield code="2">rdamedia</subfield>
  </datafield>
  <datafield tag="338" ind1=" " ind2=" ">
    <subfield code="a">volume</subfield>
    <subfield code="2">rdacarrier</subfield>
  </datafield>
  <datafield tag="500" ind1=" " ind2=" ">
    <subfield code="a">Includes index.</subfield>
  </datafield>
  <datafield tag="500" ind1=" " ind2=" ">
    <subfield code="a">Foreword by Dean Karnazes, New York Times bestselling author of Ultramarathon Man--&quot;On cover&quot;</subfield>
  </datafield>
  <datafield tag="520" ind1=" " ind2=" ">
    <subfield code="a">&quot;Travis Macy has summited glacial peaks in the French Alps, rappelled into limestone caves in China, and raced through parched deserts in Utah.  In  2013,  he  famously  won  the Leadman  Series,  a  combination  of  nearly  300 miles of high-altitude trail running and mountain biking  over  the  course  of  five  epic  endurance races. Macy achieved all of these victories without elite professional training or  even  exceptional strength,  speed,  or  flexibility.  His secret?  A precise  outlook  he  calls  the  &quot;ultra  mindset,&quot;  a set of simple principles for daily life that includes embracing  fear,  rewriting  the  stories  we  tell ourselves,  and  mastering  the  art  of  asking  for help. By practicing these principles in all areas of life, anyone can successfully  achieve  goals  that might have otherwise seemed impossible. &quot;--</subfield>
    <subfield code="c">Provided by publisher.</subfield>
  </datafield>
  <datafield tag="520" ind1=" " ind2=" ">
    <subfield code="a">&quot;Travis Macy has trekked, kayaked, climbed and swum through horizontal freezing rain in the Scottish Highlands; snowshoed across Canada&apos;s desolate plains; and run through parched Mexican deserts. Most famously, he has won the Leadman, a combination trail running marathon, 50-mile mountain biking race, 100-mile mountain biking race, 10k run, and 100-mile trail run. Macy has accomplished it without exceptional strength, speed, flexibility, high tech performance labs, or performance-enhancing drugs. His secret? A precise and particular outlook he calls the &quot;Ultra Mindset.&quot; The core principles of the mindset--including embracing fear, learning to rewrite stories about your past, and mastering the art of seeking help, among others--are neither mysterious nor the sole province of ascetics or elite athletes. Macy has discovered that by applying the same principles of the Ultra Mindset to other areas of life, anyone can find success and fulfillment that otherwise would have been impossible. Juxtaposing these lessons with stories of Macy&apos;s own sports career and vignettes from from other ultra athletes, the principles of The Ultra Mindset offer valuable advice for any reader who wants to maximize his or her potential--whether in a marathon, in a marriage, in a job or any other aspect of life: 1. It&apos;s all good mental training. 2. Be a wannabe. 3. Find your carrot. 4. Have an ego and use it--until it&apos;s not usable. 5. Think about your thinking: WHAT and WHY and when for each of them. 6. The 4:30 a.m. Rule: You have no choice. That&apos;s your choice. 7. Most of your demons are just stories. Fight them with better ones. 8. Never quit--except when you should&quot;--</subfield>
    <subfield code="c">Provided by publisher.</subfield>
  </datafield>
  <datafield tag="650" ind1=" " ind2="0">
    <subfield code="a">Success in business.</subfield>
  </datafield>
  <datafield tag="650" ind1=" " ind2="0">
    <subfield code="a">Success.</subfield>
  </datafield>
  <datafield tag="650" ind1=" " ind2="0">
    <subfield code="a">Successful people.</subfield>
  </datafield>
  <datafield tag="650" ind1=" " ind2="7">
    <subfield code="a">SPORTS &amp; RECREATION / Running &amp; Jogging.</subfield>
    <subfield code="2">bisacsh</subfield>
  </datafield>
  <datafield tag="650" ind1=" " ind2="7">
    <subfield code="a">SELF-HELP / Personal Growth / Success.</subfield>
    <subfield code="2">bisacsh</subfield>
  </datafield>
  <datafield tag="650" ind1=" " ind2="7">
    <subfield code="a">HEALTH &amp; FITNESS / Exercise.</subfield>
    <subfield code="2">bisacsh</subfield>
  </datafield>
  <datafield tag="700" ind1="1" ind2=" ">
    <subfield code="a">Hanc, John.</subfield>
  </datafield>
</record>