
<record>
  <leader>03643cam a2200373 i 4500</leader>
  <controlfield tag="001">18404825</controlfield>
  <controlfield tag="005">20200103142906.0</controlfield>
  <controlfield tag="008">141212s2013    bl a     b   f000 0 por  </controlfield>
  <datafield tag="906" ind1=" " ind2=" ">
    <subfield code="a">0</subfield>
    <subfield code="b">ibc</subfield>
    <subfield code="c">origode</subfield>
    <subfield code="d">3</subfield>
    <subfield code="e">ncip</subfield>
    <subfield code="f">20</subfield>
    <subfield code="g">y-gencatlg</subfield>
  </datafield>
  <datafield tag="925" ind1="0" ind2=" ">
    <subfield code="a">acquire</subfield>
    <subfield code="b">1 shelf copy</subfield>
    <subfield code="x">policy default</subfield>
  </datafield>
  <datafield tag="955" ind1=" " ind2=" ">
    <subfield code="a">wr11 2014-12-12</subfield>
    <subfield code="d">bf09 2020-01-02 (telework)</subfield>
    <subfield code="e">bf09 2020-01-02 (telework)</subfield>
  </datafield>
  <datafield tag="010" ind1=" " ind2=" ">
    <subfield code="a">  2014344797</subfield>
  </datafield>
  <datafield tag="020" ind1=" " ind2=" ">
    <subfield code="a">9788578111601</subfield>
  </datafield>
  <datafield tag="040" ind1=" " ind2=" ">
    <subfield code="a">DLC</subfield>
    <subfield code="b">eng</subfield>
    <subfield code="c">DLC</subfield>
    <subfield code="e">rda</subfield>
  </datafield>
  <datafield tag="042" ind1=" " ind2=" ">
    <subfield code="a">lcode</subfield>
  </datafield>
  <datafield tag="043" ind1=" " ind2=" ">
    <subfield code="a">s-bl---</subfield>
  </datafield>
  <datafield tag="050" ind1="0" ind2="0">
    <subfield code="a">HD9574.B82</subfield>
    <subfield code="b">I47 2013</subfield>
  </datafield>
  <datafield tag="245" ind1="0" ind2="0">
    <subfield code="a">Impactos tecnológicos das parcerias da Petrobras com universidades, centros de pesquisa e firmas brasileiras /</subfield>
    <subfield code="c">organizadores, Lenita Turchi (Ipea), Fernanda De Negri (Ipea), João Alberto De Negri (Ipea) ; autores, Calebe de Oliveira Figueiredo (Ipea) [and twenty-one others].</subfield>
  </datafield>
  <datafield tag="264" ind1=" " ind2="1">
    <subfield code="a">Brasília :</subfield>
    <subfield code="b">Ipea, Instituto de Pesquisa Econômica Aplicada,</subfield>
    <subfield code="c">2013.</subfield>
  </datafield>
  <datafield tag="300" ind1=" " ind2=" ">
    <subfield code="a">xviii, 400 pages :</subfield>
    <subfield code="b">color illustrations ;</subfield>
    <subfield code="c">23 cm</subfield>
  </datafield>
  <datafield tag="336" ind1=" " ind2=" ">
    <subfield code="a">text</subfield>
    <subfield code="b">txt</subfield>
    <subfield code="2">rdacontent</subfield>
  </datafield>
  <datafield tag="337" ind1=" " ind2=" ">
    <subfield code="a">unmediated</subfield>
    <subfield code="b">n</subfield>
    <subfield code="2">rdamedia</subfield>
  </datafield>
  <datafield tag="338" ind1=" " ind2=" ">
    <subfield code="a">volume</subfield>
    <subfield code="b">nc</subfield>
    <subfield code="2">rdacarrier</subfield>
  </datafield>
  <datafield tag="504" ind1=" " ind2=" ">
    <subfield code="a">Includes bibliographical references.</subfield>
  </datafield>
  <datafield tag="505" ind1="0" ind2=" ">
    <subfield code="a">Impactos tecnológicos das parcerias da PETROBRAS com Universidades e Centros de Pesquisa / Lenita Turchi, João Alberto de Negri -- Radiografia das parcerias entre PETROBRAS e as ICTs brasileiras : uma análise a partir da ótica dos coordenadores de projetos tecnológicos / Geciane Porto, Lenita Turchi, Priscila Rezende -- A PETROBRAS e ICTs : a construção das parcerias / Lenita Turchi, Geciane Porto -- O impacto da interação universidade-empresa na produtividade dos pesquisadores : uma análise dos docentes coordenadores de projetos com apoio da PETROBRAS/ANP / Sérgio Kannebley Júnior, Murilo Damião Carolo -- A cooperação entre universidades e empresas e os fornecedores da PETROBRAS / Dea Guerra Fioravante, Leonardo Aguirre -- Caracterização dos investimentos em P&amp;D da PETROBRAS / João Maria de Oliveira, Calebe de Oliveira Figueiredo -- Redes de cooperação da PETROBRAS : um mapeamento a partir das patentes / Karina de Cillo Bazzo, Geciane Silveira Porto -- Retratos da produção científica brasileira em áreas relevantes para o setor de petróleo e gás natural nos anos 2000 / Paulo A. Meyer M. Nascimento -- A PETROBRAS e a distribuição da mão de obra de pesquisa na área de biotecnologia no Brasil / Rogério Edivaldo Freitas -- Impacto tecnológico dos projetos desenvolvidos pela PETROBRAS em parceria com instituições de ensino e pesquisa da região sul do Brasil / Ivan de Pellegrin, Moema Pereira Nunes, José Antônio Valle Antunes Júnior -- A influência da PETROBRAS no desenvolvimento tecnológico : o caso dos institutos de ciência e tecnologia na região sudeste / Mario Sergio Salerno, Simone de Lara Teixeira Uchôa Freitas -- Investimentos da PETROBRAS em P&amp;D : instituições do Nordeste e do Centro-Oeste / João Maria de Oliveira, Carlos Eduardo Ramos Xavier Júnior -- Por que o Brasil precisa de uma política de inovação tecnológica para o pré-sal? / Gauco Arbix, Demétrio Toledo.</subfield>
  </datafield>
  <datafield tag="610" ind1="2" ind2="0">
    <subfield code="a">Petróleo Brasileiro, S.A.</subfield>
  </datafield>
  <datafield tag="650" ind1=" " ind2="0">
    <subfield code="a">Public-private sector cooperation</subfield>
    <subfield code="z">Brazil.</subfield>
  </datafield>
  <datafield tag="650" ind1=" " ind2="0">
    <subfield code="a">Technological innovations</subfield>
    <subfield code="z">Brazil.</subfield>
  </datafield>
  <datafield tag="700" ind1="1" ind2=" ">
    <subfield code="a">Turchi, Lenita Maria,</subfield>
    <subfield code="e">editor.</subfield>
  </datafield>
  <datafield tag="700" ind1="1" ind2=" ">
    <subfield code="a">De Negri, Fernanda,</subfield>
    <subfield code="e">editor.</subfield>
  </datafield>
  <datafield tag="700" ind1="1" ind2=" ">
    <subfield code="a">De Negri, João Alberto,</subfield>
    <subfield code="e">editor.</subfield>
  </datafield>
  <datafield tag="700" ind1="1" ind2="2">
    <subfield code="a">Figueiredo, Calebe de Oliveira.</subfield>
    <subfield code="t">Caracterização dos investimentos P&amp;D da PETROBRAS.</subfield>
  </datafield>
  <datafield tag="710" ind1="2" ind2=" ">
    <subfield code="a">Instituto de Pesquisa Econômica Aplicada,</subfield>
    <subfield code="e">issuing body.</subfield>
  </datafield>
  <datafield tag="985" ind1=" " ind2=" ">
    <subfield code="e">ODE-rj</subfield>
  </datafield>
</record>