
<record>
  <leader>01313cam a22003017i 4500</leader>
  <controlfield tag="001">18404886</controlfield>
  <controlfield tag="005">20200103120519.0</controlfield>
  <controlfield tag="008">141212s2015    nyu      b    001 0 eng  </controlfield>
  <datafield tag="906" ind1=" " ind2=" ">
    <subfield code="a">7</subfield>
    <subfield code="b">cbc</subfield>
    <subfield code="c">origres</subfield>
    <subfield code="d">2</subfield>
    <subfield code="e">ncip</subfield>
    <subfield code="f">20</subfield>
    <subfield code="g">y-gencatlg</subfield>
  </datafield>
  <datafield tag="925" ind1="0" ind2=" ">
    <subfield code="a">acquire</subfield>
    <subfield code="b">1 shelf copy</subfield>
    <subfield code="x">policy default</subfield>
  </datafield>
  <datafield tag="955" ind1=" " ind2=" ">
    <subfield code="a">pc20 2014-12-12</subfield>
    <subfield code="a">xn11 2015-08-04 1 copy rec&apos;d., to USPRLL</subfield>
    <subfield code="a">rl00 2015-08-05 to SMA</subfield>
    <subfield code="b">rl46 2016-04-21 z-processor</subfield>
    <subfield code="a">rl09 2017-04-13 IBC Record Enhanced</subfield>
    <subfield code="a">rl02 2017-04-18 (proofreading project)</subfield>
    <subfield code="i">rl11 2017-04-26</subfield>
    <subfield code="a">rl11 2017-04-27 to Dewey</subfield>
    <subfield code="w">xm08 2017-05-26 (telework)</subfield>
  </datafield>
  <datafield tag="010" ind1=" " ind2=" ">
    <subfield code="a">  2014959219</subfield>
  </datafield>
  <datafield tag="020" ind1=" " ind2=" ">
    <subfield code="a">9781634638586</subfield>
  </datafield>
  <datafield tag="020" ind1=" " ind2=" ">
    <subfield code="a">1634638581</subfield>
  </datafield>
  <datafield tag="040" ind1=" " ind2=" ">
    <subfield code="a">DLC</subfield>
    <subfield code="b">eng</subfield>
    <subfield code="e">rda</subfield>
    <subfield code="c">DLC</subfield>
    <subfield code="d">DLC</subfield>
  </datafield>
  <datafield tag="050" ind1="0" ind2="0">
    <subfield code="a">QR201.C25</subfield>
    <subfield code="b">C364 2015</subfield>
  </datafield>
  <datafield tag="082" ind1="0" ind2="0">
    <subfield code="a">616.9/2</subfield>
    <subfield code="2">23</subfield>
  </datafield>
  <datafield tag="245" ind1="0" ind2="0">
    <subfield code="a">Campylobacter infections :</subfield>
    <subfield code="b">epidemiology, clinical management and prevention /</subfield>
    <subfield code="c">Brittany A. Bertucci, editor.</subfield>
  </datafield>
  <datafield tag="264" ind1=" " ind2="1">
    <subfield code="b">New York :</subfield>
    <subfield code="b">Nova Biomedical,</subfield>
    <subfield code="c">[2015]</subfield>
  </datafield>
  <datafield tag="300" ind1=" " ind2=" ">
    <subfield code="a">xi, 158 pages ;</subfield>
    <subfield code="c">23 cm.</subfield>
  </datafield>
  <datafield tag="336" ind1=" " ind2=" ">
    <subfield code="a">text</subfield>
    <subfield code="b">txt</subfield>
    <subfield code="2">rdacontent</subfield>
  </datafield>
  <datafield tag="337" ind1=" " ind2=" ">
    <subfield code="a">unmediated</subfield>
    <subfield code="b">n</subfield>
    <subfield code="2">rdamedia</subfield>
  </datafield>
  <datafield tag="338" ind1=" " ind2=" ">
    <subfield code="a">volume</subfield>
    <subfield code="b">nc</subfield>
    <subfield code="2">rdacarrier</subfield>
  </datafield>
  <datafield tag="490" ind1="0" ind2=" ">
    <subfield code="a">Allergies and infectious diseases</subfield>
  </datafield>
  <datafield tag="504" ind1=" " ind2=" ">
    <subfield code="a">Includes bibliographical references and index.</subfield>
  </datafield>
  <datafield tag="650" ind1=" " ind2="0">
    <subfield code="a">Campylobacter infections</subfield>
    <subfield code="x">Prevention.</subfield>
  </datafield>
  <datafield tag="650" ind1=" " ind2="0">
    <subfield code="a">Campylobacter infections</subfield>
    <subfield code="x">Epidemiology.</subfield>
  </datafield>
  <datafield tag="700" ind1="1" ind2=" ">
    <subfield code="a">Bertucci, Brittany A.,</subfield>
    <subfield code="e">editor.</subfield>
  </datafield>
</record>