
<record>
  <leader>01648cam a2200325 i 4500</leader>
  <controlfield tag="001">18421431</controlfield>
  <controlfield tag="005">20200103192238.0</controlfield>
  <controlfield tag="008">141031s2013    vm ab         000 0 vie  </controlfield>
  <datafield tag="906" ind1=" " ind2=" ">
    <subfield code="a">7</subfield>
    <subfield code="b">cbc</subfield>
    <subfield code="c">origode</subfield>
    <subfield code="d">3</subfield>
    <subfield code="e">ncip</subfield>
    <subfield code="f">20</subfield>
    <subfield code="g">y-gencatlg</subfield>
  </datafield>
  <datafield tag="925" ind1="0" ind2=" ">
    <subfield code="a">acquire</subfield>
    <subfield code="b">1 shelf copy</subfield>
    <subfield code="x">policy default</subfield>
  </datafield>
  <datafield tag="955" ind1=" " ind2=" ">
    <subfield code="a">vendor 2014-10-31</subfield>
    <subfield code="b">wj41 2018-06-05 to ASME</subfield>
    <subfield code="d">cm13 2019-11-22 telework</subfield>
    <subfield code="e">cm10 2020-01-03 Telework to BCCD</subfield>
  </datafield>
  <datafield tag="010" ind1=" " ind2=" ">
    <subfield code="a">  2014326178</subfield>
  </datafield>
  <datafield tag="040" ind1=" " ind2=" ">
    <subfield code="a">DLC</subfield>
    <subfield code="b">eng</subfield>
    <subfield code="c">DLC</subfield>
    <subfield code="e">rda</subfield>
    <subfield code="d">DLC</subfield>
  </datafield>
  <datafield tag="042" ind1=" " ind2=" ">
    <subfield code="a">lcode</subfield>
  </datafield>
  <datafield tag="043" ind1=" " ind2=" ">
    <subfield code="a">a-vt---</subfield>
  </datafield>
  <datafield tag="050" ind1="0" ind2="0">
    <subfield code="a">HS3260.V54</subfield>
    <subfield code="b">K43 2013</subfield>
  </datafield>
  <datafield tag="245" ind1="0" ind2="0">
    <subfield code="a">Khát vọng thanh niên vươn ra biển lớn.</subfield>
  </datafield>
  <datafield tag="246" ind1="1" ind2=" ">
    <subfield code="i">Subtitle on cover:</subfield>
    <subfield code="a">Kỷ yếu đoàn công tác số 10 &quot;Hành trình tuổi trẻ vì biển đảo quê hương&quot; năm 2013 thăm làm việc tại quần đảo Trường Sa và nhà giàn DK1</subfield>
  </datafield>
  <datafield tag="264" ind1=" " ind2="1">
    <subfield code="a">[Hà Nội] :</subfield>
    <subfield code="b">Trung ương Đoàn thanh niên cộng sản Hồ Chí Minh,</subfield>
    <subfield code="c">[2013]</subfield>
  </datafield>
  <datafield tag="300" ind1=" " ind2=" ">
    <subfield code="a">130 pages :</subfield>
    <subfield code="b">color illustrations, maps ;</subfield>
    <subfield code="c">15 x 21 cm</subfield>
  </datafield>
  <datafield tag="336" ind1=" " ind2=" ">
    <subfield code="a">text</subfield>
    <subfield code="2">rdacontent</subfield>
  </datafield>
  <datafield tag="337" ind1=" " ind2=" ">
    <subfield code="a">unmediated</subfield>
    <subfield code="2">rdamedia</subfield>
  </datafield>
  <datafield tag="338" ind1=" " ind2=" ">
    <subfield code="a">volume</subfield>
    <subfield code="2">rdacarrier</subfield>
  </datafield>
  <datafield tag="500" ind1=" " ind2=" ">
    <subfield code="a">At head of title: Trung ương Đoàn thanh niên cộng sản Hồ Chí Minh.</subfield>
  </datafield>
  <datafield tag="520" ind1=" " ind2=" ">
    <subfield code="a">On the movement of Vietnamese youth for protection of national islands.</subfield>
  </datafield>
  <datafield tag="546" ind1=" " ind2=" ">
    <subfield code="a">In Vietnamese.</subfield>
  </datafield>
  <datafield tag="610" ind1="2" ind2="0">
    <subfield code="a">Đoàn thanh niên cộng sản Hồ Chí Minh (Hanoi, Vietnam).</subfield>
    <subfield code="b">Trung ương</subfield>
    <subfield code="v">Pictorial works.</subfield>
  </datafield>
  <datafield tag="650" ind1=" " ind2="0">
    <subfield code="a">Youth movements</subfield>
    <subfield code="z">Vietnam</subfield>
    <subfield code="x">Societies and clubs.</subfield>
  </datafield>
  <datafield tag="710" ind1="2" ind2=" ">
    <subfield code="a">Đoàn thanh niên cộng sản Hồ Chí Minh (Hanoi, Vietnam).</subfield>
    <subfield code="b">Trung ương,</subfield>
    <subfield code="e">issuing body.</subfield>
  </datafield>
  <datafield tag="985" ind1=" " ind2=" ">
    <subfield code="e">ODE-jk</subfield>
  </datafield>
</record>