
<record>
  <leader>02960cam a22003377i 4500</leader>
  <controlfield tag="001">18424031</controlfield>
  <controlfield tag="005">20200103120524.0</controlfield>
  <controlfield tag="008">141231s2015    ilu      b    001 0 eng c</controlfield>
  <datafield tag="906" ind1=" " ind2=" ">
    <subfield code="a">7</subfield>
    <subfield code="b">cbc</subfield>
    <subfield code="c">orignew</subfield>
    <subfield code="d">1</subfield>
    <subfield code="e">ecip</subfield>
    <subfield code="f">20</subfield>
    <subfield code="g">y-gencatlg</subfield>
  </datafield>
  <datafield tag="925" ind1="0" ind2=" ">
    <subfield code="a">acquire</subfield>
    <subfield code="b">1 shelf copy</subfield>
    <subfield code="x">policy default</subfield>
  </datafield>
  <datafield tag="955" ind1=" " ind2=" ">
    <subfield code="a">ICU</subfield>
    <subfield code="w">xl03 2015-01-06</subfield>
    <subfield code="a">xn11 2015-10-20 1 copy rec&apos;d., to CIP ver.</subfield>
    <subfield code="f">rm05 2015-11-02 to CALM</subfield>
  </datafield>
  <datafield tag="010" ind1=" " ind2=" ">
    <subfield code="a">  2014050162</subfield>
  </datafield>
  <datafield tag="020" ind1=" " ind2=" ">
    <subfield code="a">9780226266329 (cloth : alk. paper)</subfield>
  </datafield>
  <datafield tag="020" ind1=" " ind2=" ">
    <subfield code="z">9780226266466 (e-book)</subfield>
  </datafield>
  <datafield tag="040" ind1=" " ind2=" ">
    <subfield code="a">ICU/DLC</subfield>
    <subfield code="b">eng</subfield>
    <subfield code="c">ICU</subfield>
    <subfield code="e">rda</subfield>
  </datafield>
  <datafield tag="050" ind1="0" ind2="0">
    <subfield code="a">HV8593</subfield>
    <subfield code="b">.B475 2015</subfield>
  </datafield>
  <datafield tag="082" ind1="0" ind2="0">
    <subfield code="a">174/.936466</subfield>
    <subfield code="2">23</subfield>
  </datafield>
  <datafield tag="100" ind1="1" ind2=" ">
    <subfield code="a">Bernstein, J. M.,</subfield>
    <subfield code="e">author.</subfield>
  </datafield>
  <datafield tag="245" ind1="1" ind2="0">
    <subfield code="a">Torture and dignity :</subfield>
    <subfield code="b">an essay on moral injury /</subfield>
    <subfield code="c">J. M. Bernstein.</subfield>
  </datafield>
  <datafield tag="264" ind1=" " ind2="1">
    <subfield code="a">Chicago ;</subfield>
    <subfield code="a">London :</subfield>
    <subfield code="b">The University of Chicago Press,</subfield>
    <subfield code="c">©2015.</subfield>
  </datafield>
  <datafield tag="300" ind1=" " ind2=" ">
    <subfield code="a">x, 380 pages ;</subfield>
    <subfield code="c">24 cm</subfield>
  </datafield>
  <datafield tag="336" ind1=" " ind2=" ">
    <subfield code="a">text</subfield>
    <subfield code="2">rdacontent</subfield>
  </datafield>
  <datafield tag="337" ind1=" " ind2=" ">
    <subfield code="a">unmediated</subfield>
    <subfield code="2">rdamedia</subfield>
  </datafield>
  <datafield tag="338" ind1=" " ind2=" ">
    <subfield code="a">volume</subfield>
    <subfield code="2">rdacarrier</subfield>
  </datafield>
  <datafield tag="504" ind1=" " ind2=" ">
    <subfield code="a">Includes bibliographical references and index.</subfield>
  </datafield>
  <datafield tag="505" ind1="0" ind2=" ">
    <subfield code="a">History, phenomenology, and moral analysis -- Abolishing torture and the uprising of the rule of law -- Introduction -- Abolishing torture: the dignity of tormentable bodies -- Torture and the rule of law: Beccaria -- The Beccaria thesis -- Forgetting Beccaria -- On being tortured -- Introduction -- Pain: certainty and separateness -- Amiry&apos;s torture -- Pain&apos;s aversiveness -- Pain: feeling or reason? -- Sovereignty: pain and the other -- Without borders: loss of trust in the world -- The harm of rape, the harm of torture -- Introduction: rape and/as torture -- Moral injury as appearance -- Moral injury as actual: bodily persons -- On being raped -- Exploiting the moral ontology of the body: rape -- Exploiting the moral ontology of the body: torture -- Constructing moral dignity -- To be is to live, to be is to be recognized -- Introduction -- To be is to be recognized -- Risk and the necessity of life for self-consciousness -- Being and having a body -- From life to recognition -- Trust as mutual recognition -- Introduction -- The necessity, pervasiveness, and invisibility of trust -- Trust&apos;s priority over reason -- Trust in a developmental setting -- On first love: trust as the recognition of intrinsic worth -- &quot;My body . . . my physical and metaphysical dignity&quot; -- Why dignity? -- From Nuremberg to Treblinka: the fate of the unlovable -- Without rights, without dignity: from humiliation to devastation -- Dignity and the human form -- The body without dignity -- My body: voluntary and involuntary -- Bodily revolt: respect, self-respect, and dignity -- Concluding remarks : on moral alienation -- The abolition of torture and utilitarian fantasies -- Moral alienation and the persistence of rape.</subfield>
  </datafield>
  <datafield tag="650" ind1=" " ind2="0">
    <subfield code="a">Torture</subfield>
    <subfield code="x">Moral and ethical aspects.</subfield>
  </datafield>
  <datafield tag="650" ind1=" " ind2="0">
    <subfield code="a">Rape</subfield>
    <subfield code="x">Moral and ethical aspects.</subfield>
  </datafield>
  <datafield tag="650" ind1=" " ind2="0">
    <subfield code="a">Trust</subfield>
    <subfield code="x">Social aspects.</subfield>
  </datafield>
  <datafield tag="600" ind1="1" ind2="0">
    <subfield code="a">Beccaria, Cesare,</subfield>
    <subfield code="c">marchese di,</subfield>
    <subfield code="d">1738-1794.</subfield>
  </datafield>
  <datafield tag="650" ind1=" " ind2="0">
    <subfield code="a">Ethics</subfield>
    <subfield code="y">21st century.</subfield>
  </datafield>
</record>