
<record>
  <leader>01553cam a22003137i 4500</leader>
  <controlfield tag="001">18425564</controlfield>
  <controlfield tag="005">20200103120524.0</controlfield>
  <controlfield tag="008">150105s2015    enk      b    001 0 eng  </controlfield>
  <datafield tag="906" ind1=" " ind2=" ">
    <subfield code="a">7</subfield>
    <subfield code="b">cbc</subfield>
    <subfield code="c">origres</subfield>
    <subfield code="d">4</subfield>
    <subfield code="e">ncip</subfield>
    <subfield code="f">20</subfield>
    <subfield code="g">y-gencatlg</subfield>
  </datafield>
  <datafield tag="925" ind1="0" ind2=" ">
    <subfield code="a">acquire</subfield>
    <subfield code="b">1 shelf copy</subfield>
    <subfield code="x">Sel/rjc, 2015-11-17</subfield>
    <subfield code="z">Please assign to Bus RR</subfield>
  </datafield>
  <datafield tag="955" ind1=" " ind2=" ">
    <subfield code="b">rm04 2015-12-16 z-processor</subfield>
    <subfield code="h">rm17 2016-01-12 to shelf</subfield>
  </datafield>
  <datafield tag="955" ind1=" " ind2=" ">
    <subfield code="a">pc20 2015-01-05</subfield>
    <subfield code="a">xn11 2015-12-09 1 copy rec&apos;d., to USASH</subfield>
  </datafield>
  <datafield tag="010" ind1=" " ind2=" ">
    <subfield code="a">  2015930099</subfield>
  </datafield>
  <datafield tag="020" ind1=" " ind2=" ">
    <subfield code="a">9780198735755</subfield>
  </datafield>
  <datafield tag="040" ind1=" " ind2=" ">
    <subfield code="a">DLC</subfield>
    <subfield code="b">eng</subfield>
    <subfield code="e">rda</subfield>
    <subfield code="c">DLC</subfield>
  </datafield>
  <datafield tag="043" ind1=" " ind2=" ">
    <subfield code="a">e------</subfield>
  </datafield>
  <datafield tag="050" ind1="0" ind2="0">
    <subfield code="a">MLCM 2016/40076 (H)</subfield>
  </datafield>
  <datafield tag="100" ind1="1" ind2=" ">
    <subfield code="a">Cassis, Youssef,</subfield>
    <subfield code="e">author.</subfield>
  </datafield>
  <datafield tag="245" ind1="1" ind2="0">
    <subfield code="a">Private Banking in Europe :</subfield>
    <subfield code="b">Rise, Retreat, and Resurgence /</subfield>
    <subfield code="c">YOUSSEF CASSIS AND PHILIP L. COTTRELL.</subfield>
  </datafield>
  <datafield tag="250" ind1=" " ind2=" ">
    <subfield code="a">First Edition.</subfield>
  </datafield>
  <datafield tag="264" ind1=" " ind2="1">
    <subfield code="a">Oxford :</subfield>
    <subfield code="b">OXFORD UNIVERSITY PRESS,</subfield>
    <subfield code="c">2015.</subfield>
  </datafield>
  <datafield tag="300" ind1=" " ind2=" ">
    <subfield code="a">305 pages ;</subfield>
    <subfield code="c">24 cm</subfield>
  </datafield>
  <datafield tag="336" ind1=" " ind2=" ">
    <subfield code="a">text</subfield>
    <subfield code="b">txt</subfield>
    <subfield code="2">rdacontent</subfield>
  </datafield>
  <datafield tag="337" ind1=" " ind2=" ">
    <subfield code="a">unmediated</subfield>
    <subfield code="b">n</subfield>
    <subfield code="2">rdamedia</subfield>
  </datafield>
  <datafield tag="338" ind1=" " ind2=" ">
    <subfield code="a">volume</subfield>
    <subfield code="b">nc</subfield>
    <subfield code="2">rdacarrier</subfield>
  </datafield>
  <datafield tag="504" ind1=" " ind2=" ">
    <subfield code="a">Includes bibliographical references and index.</subfield>
  </datafield>
  <datafield tag="505" ind1="0" ind2=" ">
    <subfield code="a">Machine generated contents note: 1.Instruments, Institutions, Centres, and Networks: Developing the Structural Framework, c. 1300 -- 1700 -- 2.Public and Private Markets for Capital and Credit, 1688 -- 1793 -- 3.War and Economic Transformation, 1793 -- 1815 -- 4.Golden Age, 1815 -- 1870 -- 5.The Onset of the Corporate Economy, 1870 -- 1914 -- 6.Indian Summer, 1914 -- 1931 -- 7.Decline and Renaissance, 1931 -- 2015.</subfield>
  </datafield>
  <datafield tag="650" ind1=" " ind2="0">
    <subfield code="a">Private banks</subfield>
    <subfield code="z">Europe.</subfield>
  </datafield>
  <datafield tag="700" ind1="1" ind2=" ">
    <subfield code="a">Cottrell, P. L.,</subfield>
    <subfield code="d">1944-</subfield>
    <subfield code="e">author.</subfield>
  </datafield>
</record>