
<record>
  <leader>03128cam a22004217i 4500</leader>
  <controlfield tag="001">18444858</controlfield>
  <controlfield tag="005">20200103120525.0</controlfield>
  <controlfield tag="008">150110s2015    nju      b    001 0 eng c</controlfield>
  <datafield tag="906" ind1=" " ind2=" ">
    <subfield code="a">7</subfield>
    <subfield code="b">cbc</subfield>
    <subfield code="c">orignew</subfield>
    <subfield code="d">1</subfield>
    <subfield code="e">ecip</subfield>
    <subfield code="f">20</subfield>
    <subfield code="g">y-gencatlg</subfield>
  </datafield>
  <datafield tag="925" ind1="0" ind2=" ">
    <subfield code="a">acquire</subfield>
    <subfield code="b">2 shelf copies</subfield>
    <subfield code="x">Sel/ddw, 2015-07-01</subfield>
  </datafield>
  <datafield tag="955" ind1=" " ind2=" ">
    <subfield code="a">NIC</subfield>
    <subfield code="e">rm15 2015-01-12 to Dewey</subfield>
    <subfield code="w">xl03 2015-01-13</subfield>
    <subfield code="a">rm15 2015-04-19 ; rm15 201 5-06-16 (CIP chg. request)</subfield>
    <subfield code="a">xn11 2015-06-29 v. 1-3 rec&apos;d., to CIP ver.</subfield>
    <subfield code="a">xn08 2014-09-17 v. 1-3 copy 2 added</subfield>
    <subfield code="f">rm06 2016-05-09 v. 1-3 to CALM</subfield>
  </datafield>
  <datafield tag="010" ind1=" " ind2=" ">
    <subfield code="a">  2015001072</subfield>
  </datafield>
  <datafield tag="020" ind1=" " ind2=" ">
    <subfield code="a">9789814578615 (alk. paper)</subfield>
  </datafield>
  <datafield tag="020" ind1=" " ind2=" ">
    <subfield code="a">9789814578684 (vol. 1)</subfield>
  </datafield>
  <datafield tag="020" ind1=" " ind2=" ">
    <subfield code="a">9789814578660 (vol. 2)</subfield>
  </datafield>
  <datafield tag="020" ind1=" " ind2=" ">
    <subfield code="a">9789814578646 (vol. 3)</subfield>
  </datafield>
  <datafield tag="040" ind1=" " ind2=" ">
    <subfield code="a">NIC/DLC</subfield>
    <subfield code="b">eng</subfield>
    <subfield code="e">rda</subfield>
    <subfield code="c">NIC</subfield>
    <subfield code="d">DLC</subfield>
  </datafield>
  <datafield tag="043" ind1=" " ind2=" ">
    <subfield code="a">a------</subfield>
  </datafield>
  <datafield tag="050" ind1="0" ind2="0">
    <subfield code="a">HC412</subfield>
    <subfield code="b">.W646 2015</subfield>
  </datafield>
  <datafield tag="082" ind1="0" ind2="0">
    <subfield code="a">337.5</subfield>
    <subfield code="2">23</subfield>
  </datafield>
  <datafield tag="245" ind1="0" ind2="0">
    <subfield code="a">World Scientific Reference on Asia and the world economy /</subfield>
    <subfield code="c">editor-in-chief, John Whalley ; editors Manmohan Agarwal, Centre for Development Studies, India, Research and Information Systems for Developing Countries, India, John Whalley, University of Western Ontario, Canada, Centre for International Governance Innovation (CIGI), Canada National Bureau of Economic Research (NBER), United States.</subfield>
  </datafield>
  <datafield tag="264" ind1=" " ind2="1">
    <subfield code="a">New Jersey :</subfield>
    <subfield code="b">World Scientific,</subfield>
    <subfield code="c">[2015]</subfield>
  </datafield>
  <datafield tag="300" ind1=" " ind2=" ">
    <subfield code="a">volumes &lt;1-3&gt; ;</subfield>
    <subfield code="c">26 cm</subfield>
  </datafield>
  <datafield tag="336" ind1=" " ind2=" ">
    <subfield code="a">text</subfield>
    <subfield code="2">rdacontent</subfield>
  </datafield>
  <datafield tag="337" ind1=" " ind2=" ">
    <subfield code="a">unmediated</subfield>
    <subfield code="2">rdamedia</subfield>
  </datafield>
  <datafield tag="338" ind1=" " ind2=" ">
    <subfield code="a">volume</subfield>
    <subfield code="2">rdacarrier</subfield>
  </datafield>
  <datafield tag="504" ind1=" " ind2=" ">
    <subfield code="a">Includes bibliographical references and index.</subfield>
  </datafield>
  <datafield tag="505" ind1="0" ind2=" ">
    <subfield code="a">Volume 1. Sustainability of growth  -- Volume 2. India and China : comparative experience and prospects -- Volume 3. Actions on climate change by Asian countries.</subfield>
  </datafield>
  <datafield tag="520" ind1=" " ind2=" ">
    <subfield code="a">&quot;The dynamism in modern Asia, especially with the current revival in Japan, stands in sharp contrast to the situation in Europe. An in-depth understanding of what is happening in contemporary Asia is key to grasping opportunities that this dynamism creates for all. This multi-volume reference work consists of three up-to-date and comprehensive volumes on Asia and the world economy. It covers the most important aspects of the world economy as they pertain to Asia in the increasingly accelerating globalization process and is a must-have for anyone keen to understand Asia and the contemporary world. The three-volume set covers the climate change challenges and solutions from the Asian perspectives, focusing on both domestic arrangements and trade-based options, and discusses scenario analyses for future climate regimes; the sustainability of growth in the Indian economy determined by analyzing the role of economic, technological and environmental factors and lastly, the growth experiences and prospects of India and China&quot;--</subfield>
    <subfield code="c">Provided by publisher.</subfield>
  </datafield>
  <datafield tag="650" ind1=" " ind2="0">
    <subfield code="a">Economic development</subfield>
    <subfield code="z">Asia.</subfield>
  </datafield>
  <datafield tag="650" ind1=" " ind2="0">
    <subfield code="a">Sustainable development</subfield>
    <subfield code="z">Asia.</subfield>
  </datafield>
  <datafield tag="650" ind1=" " ind2="0">
    <subfield code="a">Globalization</subfield>
    <subfield code="z">Asia.</subfield>
  </datafield>
  <datafield tag="651" ind1=" " ind2="0">
    <subfield code="a">Asia</subfield>
    <subfield code="x">Foreign economic relations.</subfield>
  </datafield>
  <datafield tag="650" ind1=" " ind2="0">
    <subfield code="a">Climatic changes</subfield>
    <subfield code="x">Economic aspects</subfield>
    <subfield code="z">Asia.</subfield>
  </datafield>
  <datafield tag="700" ind1="1" ind2=" ">
    <subfield code="a">Whalley, John,</subfield>
    <subfield code="e">editor.</subfield>
  </datafield>
  <datafield tag="700" ind1="1" ind2=" ">
    <subfield code="a">Agarwal, Manmohan,</subfield>
    <subfield code="e">editor.</subfield>
  </datafield>
  <datafield tag="700" ind1="1" ind2=" ">
    <subfield code="a">Pan, Jiahua,</subfield>
    <subfield code="d">1957-</subfield>
    <subfield code="e">editor.</subfield>
  </datafield>
  <datafield tag="985" ind1=" " ind2=" ">
    <subfield code="a">NICCIP</subfield>
    <subfield code="d">2015-01-12</subfield>
  </datafield>
</record>