
<record>
  <leader>03231cam a22004697i 4500</leader>
  <controlfield tag="001">18446669</controlfield>
  <controlfield tag="005">20200103150441.0</controlfield>
  <controlfield tag="008">150113t20162016maua     b    001 0 eng c</controlfield>
  <datafield tag="906" ind1=" " ind2=" ">
    <subfield code="a">7</subfield>
    <subfield code="b">cbc</subfield>
    <subfield code="c">pccadap</subfield>
    <subfield code="d">2</subfield>
    <subfield code="e">ncip</subfield>
    <subfield code="f">20</subfield>
    <subfield code="g">y-gencatlg</subfield>
  </datafield>
  <datafield tag="925" ind1="0" ind2=" ">
    <subfield code="a">acquire</subfield>
    <subfield code="b">1 shelf copy</subfield>
    <subfield code="x">Sel/rjc, 2015-06-17</subfield>
  </datafield>
  <datafield tag="955" ind1=" " ind2=" ">
    <subfield code="b">rm08 2016-03-23 z-processor</subfield>
    <subfield code="i">rm06 2016-04-01 to Dewey</subfield>
    <subfield code="w">xm08 2016-05-02 (telework)</subfield>
  </datafield>
  <datafield tag="955" ind1=" " ind2=" ">
    <subfield code="a">pc22 2015-01-13</subfield>
  </datafield>
  <datafield tag="010" ind1=" " ind2=" ">
    <subfield code="a">  2015930696</subfield>
  </datafield>
  <datafield tag="020" ind1=" " ind2=" ">
    <subfield code="a">1305101944 (student edition)</subfield>
  </datafield>
  <datafield tag="020" ind1=" " ind2=" ">
    <subfield code="a">9781305101944 (student edition)</subfield>
  </datafield>
  <datafield tag="035" ind1=" " ind2=" ">
    <subfield code="a">(OCoLC)ocn910218886</subfield>
  </datafield>
  <datafield tag="040" ind1=" " ind2=" ">
    <subfield code="a">YDXCP</subfield>
    <subfield code="b">eng</subfield>
    <subfield code="c">YDXCP</subfield>
    <subfield code="e">rda</subfield>
    <subfield code="d">OCLCQ</subfield>
    <subfield code="d">BTCTA</subfield>
    <subfield code="d">UIU</subfield>
    <subfield code="d">AUALC</subfield>
    <subfield code="d">OSU</subfield>
    <subfield code="d">S3O</subfield>
    <subfield code="d">DLC</subfield>
  </datafield>
  <datafield tag="043" ind1=" " ind2=" ">
    <subfield code="a">n-us---</subfield>
  </datafield>
  <datafield tag="050" ind1="0" ind2="0">
    <subfield code="a">HN49.C6</subfield>
    <subfield code="b">H643 2016</subfield>
  </datafield>
  <datafield tag="082" ind1="0" ind2="0">
    <subfield code="a">307.1/4</subfield>
    <subfield code="2">23</subfield>
  </datafield>
  <datafield tag="100" ind1="1" ind2=" ">
    <subfield code="a">Homan, Mark S.,</subfield>
    <subfield code="d">1951-</subfield>
    <subfield code="e">author.</subfield>
  </datafield>
  <datafield tag="245" ind1="1" ind2="0">
    <subfield code="a">Promoting community change :</subfield>
    <subfield code="b">making it happen in the real world /</subfield>
    <subfield code="c">Mark S. Homan.</subfield>
  </datafield>
  <datafield tag="250" ind1=" " ind2=" ">
    <subfield code="a">Sixth edition.</subfield>
  </datafield>
  <datafield tag="264" ind1=" " ind2="1">
    <subfield code="a">Boston, MA ;</subfield>
    <subfield code="a">Australia ;</subfield>
    <subfield code="a">Brazil ;</subfield>
    <subfield code="a">Mexico ;</subfield>
    <subfield code="a">Singapore ;</subfield>
    <subfield code="a">United Kingdom :</subfield>
    <subfield code="b">Cengage Learning,</subfield>
    <subfield code="c">[2016]</subfield>
  </datafield>
  <datafield tag="264" ind1=" " ind2="4">
    <subfield code="c">©2011</subfield>
  </datafield>
  <datafield tag="300" ind1=" " ind2=" ">
    <subfield code="a">xxviii, 593 pages :</subfield>
    <subfield code="b">illustrations (some color) ;</subfield>
    <subfield code="c">24 cm</subfield>
  </datafield>
  <datafield tag="336" ind1=" " ind2=" ">
    <subfield code="a">text</subfield>
    <subfield code="b">txt</subfield>
    <subfield code="2">rdacontent</subfield>
  </datafield>
  <datafield tag="337" ind1=" " ind2=" ">
    <subfield code="a">unmediated</subfield>
    <subfield code="b">n</subfield>
    <subfield code="2">rdamedia</subfield>
  </datafield>
  <datafield tag="338" ind1=" " ind2=" ">
    <subfield code="a">volume</subfield>
    <subfield code="b">nc</subfield>
    <subfield code="2">rdacarrier</subfield>
  </datafield>
  <datafield tag="504" ind1=" " ind2=" ">
    <subfield code="a">Includes bibliographical references (pages 549-583) and index.</subfield>
  </datafield>
  <datafield tag="505" ind1="0" ind2="0">
    <subfield code="g">Part I.</subfield>
    <subfield code="t">Responding to the need for community change.</subfield>
    <subfield code="g">1.</subfield>
    <subfield code="t">Understanding the challenge to change --</subfield>
    <subfield code="g">2.</subfield>
    <subfield code="t">Theoretical frameworks for community change --</subfield>
    <subfield code="g">3.</subfield>
    <subfield code="t">Relating community change to professional practice --</subfield>
    <subfield code="g">4.</subfield>
    <subfield code="t">Putting yourself in the picture --</subfield>
    <subfield code="g">Part II.</subfield>
    <subfield code="t">Putting the pieces together. 5.</subfield>
    <subfield code="t">Knowing your community --</subfield>
    <subfield code="g">6.</subfield>
    <subfield code="t">People : the most valuable resource --</subfield>
    <subfield code="g">7.</subfield>
    <subfield code="t">Power --</subfield>
    <subfield code="g">8.</subfield>
    <subfield code="t">Powerful planning --</subfield>
    <subfield code="g">9.</subfield>
    <subfield code="t">Raising other resources --</subfield>
    <subfield code="g">10.</subfield>
    <subfield code="t">Getting the word out --</subfield>
    <subfield code="g">11.</subfield>
    <subfield code="t">Building the organized effort --</subfield>
    <subfield code="g">12.</subfield>
    <subfield code="t">Taking action : strategies and tactics --</subfield>
    <subfield code="g">Part III.</subfield>
    <subfield code="t">A closer look at typical change contexts --</subfield>
    <subfield code="g">13.</subfield>
    <subfield code="t">Enhancing the quality of neighborhoods --</subfield>
    <subfield code="g">14.</subfield>
    <subfield code="t">Increasing the effectiveness of health and human services organizations --</subfield>
    <subfield code="g">15.</subfield>
    <subfield code="t">Lobbying for change.</subfield>
  </datafield>
  <datafield tag="520" ind1=" " ind2=" ">
    <subfield code="a">&quot;PROMOTING COMMUNITY CHANGE, 6th Edition addresses the real-world issues facing professionals in social work, human services, and community health--and gives readers the skills and information they need to be effective agents of change at the community level. By emphasizing the role a strengthened community can play in preventing and solving the problems commonly experienced by individuals and families, the author gives readers the tools they need to improve the lives of individual clients as well as entire communities.&quot;--Publisher description.</subfield>
  </datafield>
  <datafield tag="650" ind1=" " ind2="0">
    <subfield code="a">Community development</subfield>
    <subfield code="z">United States.</subfield>
  </datafield>
  <datafield tag="650" ind1=" " ind2="0">
    <subfield code="a">Community organization</subfield>
    <subfield code="z">United States.</subfield>
  </datafield>
  <datafield tag="650" ind1=" " ind2="7">
    <subfield code="a">Community development.</subfield>
    <subfield code="2">fast</subfield>
    <subfield code="0">(OCoLC)fst00870818</subfield>
  </datafield>
  <datafield tag="650" ind1=" " ind2="7">
    <subfield code="a">Community organization.</subfield>
    <subfield code="2">fast</subfield>
    <subfield code="0">(OCoLC)fst01432034</subfield>
  </datafield>
  <datafield tag="651" ind1=" " ind2="7">
    <subfield code="a">United States.</subfield>
    <subfield code="2">fast</subfield>
    <subfield code="0">(OCoLC)fst01204155</subfield>
  </datafield>
  <datafield tag="650" ind1=" " ind2="7">
    <subfield code="a">Samhällsförändring.</subfield>
    <subfield code="2">sao</subfield>
  </datafield>
  <datafield tag="650" ind1=" " ind2="7">
    <subfield code="a">Social förändring.</subfield>
    <subfield code="2">sao</subfield>
  </datafield>
  <datafield tag="650" ind1=" " ind2="7">
    <subfield code="a">Samhällsutveckling.</subfield>
    <subfield code="2">sao</subfield>
  </datafield>
  <datafield tag="651" ind1=" " ind2="7">
    <subfield code="a">Förenta staterna.</subfield>
    <subfield code="2">sao</subfield>
  </datafield>
  <datafield tag="963" ind1=" " ind2=" ">
    <subfield code="a">Prashanth; phone: (914) 442913999; email: Prashanth.Prasad@luminad.com; bc: Jennifer.hanley@cengage.com</subfield>
  </datafield>
</record>