
<record>
  <leader>03314cam a22004337i 4500</leader>
  <controlfield tag="001">18454857</controlfield>
  <controlfield tag="005">20200103120526.0</controlfield>
  <controlfield tag="008">150115s2015    ilua     b    101 0 eng c</controlfield>
  <datafield tag="906" ind1=" " ind2=" ">
    <subfield code="a">7</subfield>
    <subfield code="b">cbc</subfield>
    <subfield code="c">orignew</subfield>
    <subfield code="d">1</subfield>
    <subfield code="e">ecip</subfield>
    <subfield code="f">20</subfield>
    <subfield code="g">y-gencatlg</subfield>
  </datafield>
  <datafield tag="925" ind1="0" ind2=" ">
    <subfield code="a">acquire</subfield>
    <subfield code="b">1 shelf copy</subfield>
    <subfield code="x">policy default</subfield>
  </datafield>
  <datafield tag="955" ind1=" " ind2=" ">
    <subfield code="a">ICU</subfield>
    <subfield code="e">rm15 2015-01-20 to Dewey</subfield>
    <subfield code="w">xl03 2015-01-20</subfield>
    <subfield code="a">xn12 2015-10-24 1 copy rec&apos;d., to CIP ver.</subfield>
    <subfield code="f">rm05 2015-11-02 to CALM</subfield>
    <subfield code="a">td11 2016-03-07 space added in 300c</subfield>
  </datafield>
  <datafield tag="010" ind1=" " ind2=" ">
    <subfield code="a">  2015001694</subfield>
  </datafield>
  <datafield tag="020" ind1=" " ind2=" ">
    <subfield code="a">9780226261621 (cloth : alk. paper)</subfield>
  </datafield>
  <datafield tag="020" ind1=" " ind2=" ">
    <subfield code="z">9780226261768 (ebook)</subfield>
  </datafield>
  <datafield tag="040" ind1=" " ind2=" ">
    <subfield code="a">ICU/DLC</subfield>
    <subfield code="b">eng</subfield>
    <subfield code="c">ICU</subfield>
    <subfield code="e">rda</subfield>
    <subfield code="d">DLC</subfield>
  </datafield>
  <datafield tag="043" ind1=" " ind2=" ">
    <subfield code="a">n-us---</subfield>
  </datafield>
  <datafield tag="050" ind1="0" ind2="0">
    <subfield code="a">HD2356.U5</subfield>
    <subfield code="b">E58 2015</subfield>
  </datafield>
  <datafield tag="082" ind1="0" ind2="0">
    <subfield code="a">338.0973</subfield>
    <subfield code="2">23</subfield>
  </datafield>
  <datafield tag="111" ind1="2" ind2=" ">
    <subfield code="a">Enterprising America: Businesses, Banks, and Credit Markets in Historical Perspective (Conference)</subfield>
    <subfield code="d">(2013 :</subfield>
    <subfield code="c">Nashville, Tenn.)</subfield>
  </datafield>
  <datafield tag="245" ind1="1" ind2="0">
    <subfield code="a">Enterprising America :</subfield>
    <subfield code="b">businesses, banks, and credit markets in historical perspective /</subfield>
    <subfield code="c">edited by William J. Collins and Robert A. Margo.</subfield>
  </datafield>
  <datafield tag="264" ind1=" " ind2="1">
    <subfield code="a">Chicago :</subfield>
    <subfield code="a">London :</subfield>
    <subfield code="b">The University of Chicago Press,</subfield>
    <subfield code="c">[2015].</subfield>
  </datafield>
  <datafield tag="264" ind1=" " ind2="4">
    <subfield code="c">©2015</subfield>
  </datafield>
  <datafield tag="300" ind1=" " ind2=" ">
    <subfield code="a">ix, 287 pages :</subfield>
    <subfield code="b">illustrations ;</subfield>
    <subfield code="c">24 cm.</subfield>
  </datafield>
  <datafield tag="336" ind1=" " ind2=" ">
    <subfield code="a">text</subfield>
    <subfield code="2">rdacontent</subfield>
  </datafield>
  <datafield tag="337" ind1=" " ind2=" ">
    <subfield code="a">unmediated</subfield>
    <subfield code="2">rdamedia</subfield>
  </datafield>
  <datafield tag="338" ind1=" " ind2=" ">
    <subfield code="a">volume</subfield>
    <subfield code="2">rdacarrier</subfield>
  </datafield>
  <datafield tag="490" ind1="1" ind2=" ">
    <subfield code="a">National Bureau of Economic Research conference report</subfield>
  </datafield>
  <datafield tag="500" ind1=" " ind2=" ">
    <subfield code="a">Papers of the conference &quot;Enterprising America: businesses, banks, and credit markets in historical perspective&quot;, held at Vanderbilt University, Nashville TN, on December 14, 2013.</subfield>
  </datafield>
  <datafield tag="504" ind1=" " ind2=" ">
    <subfield code="a">Includes bibliographical references and index.</subfield>
  </datafield>
  <datafield tag="505" ind1="0" ind2=" ">
    <subfield code="a">Introduction / William J. Collins and Robert A. Margo -- Business organization and internal governance. Revisiting American exceptionalism: democracy and the regulation of corporate governance: the case of nineteenth-century Pennsylvania in comparative context / Naomi R. Lamoreaux -- Corporate governance and the development of manufacturing enterprises in nineteenth-century Massachusetts / Eric Hilt ; comment: Claudia Rei ; The evolution of bank boards of directors in New York,1840-1950 / Howard Bodenhorn and Eugene N. White -- Bank behavior and credit markets. Did railroads make antebellum U.S. banks more sound? / Jeremy Atack, Matthew S. Jaremski, and Peter L. Rousseau ; Sources of credit and the extent of the credit market: a view from bankruptcy records, Mississippi 1929-1936 / Mary Eschelbach Hansen -- Scale economies in nineteenth century production. Economies of scale in nineteenth century American manufacturing revisited: a resolution of the entrepreneurial labor input problem / Robert A. Margo ; Were antebellum cotton plantations factories in the field? / Alan L. Olmstead and Paul W. Rhode.</subfield>
  </datafield>
  <datafield tag="650" ind1=" " ind2="0">
    <subfield code="a">Business enterprises</subfield>
    <subfield code="z">United States</subfield>
    <subfield code="x">History</subfield>
    <subfield code="v">Congresses.</subfield>
  </datafield>
  <datafield tag="650" ind1=" " ind2="0">
    <subfield code="a">Business enterprises</subfield>
    <subfield code="z">United States</subfield>
    <subfield code="x">Finance</subfield>
    <subfield code="x">History</subfield>
    <subfield code="v">Congresses.</subfield>
  </datafield>
  <datafield tag="650" ind1=" " ind2="0">
    <subfield code="a">Commercial credit</subfield>
    <subfield code="z">United States</subfield>
    <subfield code="x">History</subfield>
    <subfield code="v">Congresses.</subfield>
  </datafield>
  <datafield tag="650" ind1=" " ind2="0">
    <subfield code="a">Bank loans</subfield>
    <subfield code="z">United States</subfield>
    <subfield code="x">History</subfield>
    <subfield code="v">Congresses.</subfield>
  </datafield>
  <datafield tag="700" ind1="1" ind2=" ">
    <subfield code="a">Collins, William J.</subfield>
    <subfield code="q">(William Joseph),</subfield>
    <subfield code="d">1971-</subfield>
    <subfield code="e">editor.</subfield>
  </datafield>
  <datafield tag="700" ind1="1" ind2=" ">
    <subfield code="a">Margo, Robert A.</subfield>
    <subfield code="q">(Robert Andrew),</subfield>
    <subfield code="d">1954-</subfield>
    <subfield code="e">editor.</subfield>
  </datafield>
  <datafield tag="710" ind1="2" ind2=" ">
    <subfield code="a">Vanderbilt University,</subfield>
    <subfield code="e">host institution.</subfield>
  </datafield>
  <datafield tag="710" ind1="2" ind2=" ">
    <subfield code="a">National Bureau of Economic Research,</subfield>
    <subfield code="e">organizer.</subfield>
  </datafield>
  <datafield tag="830" ind1=" " ind2="0">
    <subfield code="a">National Bureau of Economic Research conference report.</subfield>
  </datafield>
</record>