
<record>
  <leader>02561cam a22003857i 4500</leader>
  <controlfield tag="001">18459231</controlfield>
  <controlfield tag="005">20200103120528.0</controlfield>
  <controlfield tag="008">150122s2015    nyu    j      000 0beng  </controlfield>
  <datafield tag="906" ind1=" " ind2=" ">
    <subfield code="a">7</subfield>
    <subfield code="b">cbc</subfield>
    <subfield code="c">orignew</subfield>
    <subfield code="d">1</subfield>
    <subfield code="e">ecip</subfield>
    <subfield code="f">20</subfield>
    <subfield code="g">y-gencatlg</subfield>
  </datafield>
  <datafield tag="925" ind1="0" ind2=" ">
    <subfield code="a">acquire</subfield>
    <subfield code="b">1 shelf copy</subfield>
    <subfield code="x">policy default</subfield>
  </datafield>
  <datafield tag="955" ind1=" " ind2=" ">
    <subfield code="b">rm07 2015-01-22</subfield>
    <subfield code="i">rm07 2015-01-22 (telework) ONIX to Dewey</subfield>
    <subfield code="w">xl03 2015-01-23</subfield>
    <subfield code="a">xn05 2015-10-08 1 copy rec&apos;d., to CIP ver.</subfield>
    <subfield code="f">rm06 2015-10-28 to CALM</subfield>
  </datafield>
  <datafield tag="010" ind1=" " ind2=" ">
    <subfield code="a">  2015000613</subfield>
  </datafield>
  <datafield tag="020" ind1=" " ind2=" ">
    <subfield code="a">9780525428510 (hardback)</subfield>
  </datafield>
  <datafield tag="040" ind1=" " ind2=" ">
    <subfield code="a">DLC</subfield>
    <subfield code="b">eng</subfield>
    <subfield code="c">DLC</subfield>
    <subfield code="e">rda</subfield>
    <subfield code="d">DLC</subfield>
  </datafield>
  <datafield tag="043" ind1=" " ind2=" ">
    <subfield code="a">n-us---</subfield>
  </datafield>
  <datafield tag="050" ind1="0" ind2="0">
    <subfield code="a">HV1624.K4</subfield>
    <subfield code="b">M45 2015</subfield>
  </datafield>
  <datafield tag="082" ind1="0" ind2="0">
    <subfield code="a">362.4/1092</subfield>
    <subfield code="a">B</subfield>
    <subfield code="2">23</subfield>
  </datafield>
  <datafield tag="084" ind1=" " ind2=" ">
    <subfield code="a">JNF007120</subfield>
    <subfield code="a">JNF007110</subfield>
    <subfield code="a">JNF024070</subfield>
    <subfield code="2">bisacsh</subfield>
  </datafield>
  <datafield tag="100" ind1="1" ind2=" ">
    <subfield code="a">Meltzer, Brad.</subfield>
  </datafield>
  <datafield tag="245" ind1="1" ind2="0">
    <subfield code="a">I am Helen Keller /</subfield>
    <subfield code="c">Brad Meltzer ; illustrated by Christopher Eliopoulos.</subfield>
  </datafield>
  <datafield tag="264" ind1=" " ind2="1">
    <subfield code="a">New York, NY :</subfield>
    <subfield code="b">Dial Books for Young Readers, an imprint of Penguin Group (USA),</subfield>
    <subfield code="c">2015.</subfield>
  </datafield>
  <datafield tag="300" ind1=" " ind2=" ">
    <subfield code="a">1 volume (various paging) ;</subfield>
    <subfield code="c">20 cm.</subfield>
  </datafield>
  <datafield tag="336" ind1=" " ind2=" ">
    <subfield code="a">text</subfield>
    <subfield code="2">rdacontent</subfield>
  </datafield>
  <datafield tag="337" ind1=" " ind2=" ">
    <subfield code="a">unmediated</subfield>
    <subfield code="2">rdamedia</subfield>
  </datafield>
  <datafield tag="338" ind1=" " ind2=" ">
    <subfield code="a">volume</subfield>
    <subfield code="2">rdacarrier</subfield>
  </datafield>
  <datafield tag="490" ind1="0" ind2=" ">
    <subfield code="a">Ordinary people change the world</subfield>
  </datafield>
  <datafield tag="520" ind1=" " ind2=" ">
    <subfield code="a">&quot; We can all be heroes. That&apos;s the inspiring message of this New York Times Bestselling picture book biography series from historian and author Brad Meltzer       When Helen Keller was very young, she got a rare disease that made her deaf and blind. Suddenly, she couldn&apos;t see or hear at all, and it was hard for her to communicate with anyone. But when she was six years old, she met someone who would change her life forever: her teacher, Annie Sullivan. With Miss Sullivan&apos;s help, Helen learned how to speak sign language and read Braille. Armed with the ability to express herself, Helen grew up to be come a social activist, leading the fight for people with disabilities and so many other causes.  &quot;--</subfield>
    <subfield code="c">Provided by publisher.</subfield>
  </datafield>
  <datafield tag="520" ind1=" " ind2=" ">
    <subfield code="a">&quot;The story of Helen Keller, who learned to read and write despite being deaf and blind, and became an activist who fought for the rights of disabled people&quot;--</subfield>
    <subfield code="c">Provided by publisher.</subfield>
  </datafield>
  <datafield tag="600" ind1="1" ind2="0">
    <subfield code="a">Keller, Helen,</subfield>
    <subfield code="d">1880-1968.</subfield>
  </datafield>
  <datafield tag="650" ind1=" " ind2="0">
    <subfield code="a">Deafblind women</subfield>
    <subfield code="z">United States</subfield>
    <subfield code="v">Biography</subfield>
    <subfield code="v">Juvenile literature.</subfield>
  </datafield>
  <datafield tag="650" ind1=" " ind2="0">
    <subfield code="a">Deafblind people</subfield>
    <subfield code="z">United States</subfield>
    <subfield code="v">Biography</subfield>
    <subfield code="v">Juvenile literature.</subfield>
  </datafield>
  <datafield tag="650" ind1=" " ind2="7">
    <subfield code="a">JUVENILE NONFICTION / Biography &amp; Autobiography / Women.</subfield>
    <subfield code="2">bisacsh</subfield>
  </datafield>
  <datafield tag="650" ind1=" " ind2="7">
    <subfield code="a">JUVENILE NONFICTION / Biography &amp; Autobiography / Social Activists.</subfield>
    <subfield code="2">bisacsh</subfield>
  </datafield>
  <datafield tag="650" ind1=" " ind2="7">
    <subfield code="a">JUVENILE NONFICTION / Health &amp; Daily Living / Physical Impairments.</subfield>
    <subfield code="2">bisacsh</subfield>
  </datafield>
  <datafield tag="700" ind1="1" ind2=" ">
    <subfield code="a">Eliopoulos, Chris,</subfield>
    <subfield code="e">illustrator.</subfield>
  </datafield>
</record>