
<record>
  <leader>02643cam a22004097i 4500</leader>
  <controlfield tag="001">18459301</controlfield>
  <controlfield tag="005">20200103120528.0</controlfield>
  <controlfield tag="008">150122s2015    nyu      b    001 0 eng  </controlfield>
  <datafield tag="906" ind1=" " ind2=" ">
    <subfield code="a">7</subfield>
    <subfield code="b">cbc</subfield>
    <subfield code="c">orignew</subfield>
    <subfield code="d">1</subfield>
    <subfield code="e">ecip</subfield>
    <subfield code="f">20</subfield>
    <subfield code="g">y-gencatlg</subfield>
  </datafield>
  <datafield tag="925" ind1="0" ind2=" ">
    <subfield code="a">acquire</subfield>
    <subfield code="b">1 shelf copy</subfield>
    <subfield code="x">policy default</subfield>
    <subfield code="e">claim1  2015-10-05</subfield>
    <subfield code="e">claim2  2016-02-03</subfield>
    <subfield code="e">to CAD  2016-06-24</subfield>
  </datafield>
  <datafield tag="955" ind1=" " ind2=" ">
    <subfield code="b">rm07 2015-01-22</subfield>
    <subfield code="i">rm07 2015-01-22 (telework) ONIX to Dewey</subfield>
    <subfield code="w">xl03 2015-01-22</subfield>
    <subfield code="a">xn08 2016-09-08 1 copy rec&apos;d., to CIP ver.</subfield>
    <subfield code="f">rm04 2016-09-16 to BCCD</subfield>
  </datafield>
  <datafield tag="010" ind1=" " ind2=" ">
    <subfield code="a">  2014050371</subfield>
  </datafield>
  <datafield tag="020" ind1=" " ind2=" ">
    <subfield code="a">9781462520404 (paperback)</subfield>
  </datafield>
  <datafield tag="020" ind1=" " ind2=" ">
    <subfield code="a">9781609180645 (cloth)</subfield>
  </datafield>
  <datafield tag="040" ind1=" " ind2=" ">
    <subfield code="a">DLC</subfield>
    <subfield code="b">eng</subfield>
    <subfield code="c">DLC</subfield>
    <subfield code="e">rda</subfield>
    <subfield code="d">DLC</subfield>
  </datafield>
  <datafield tag="050" ind1="0" ind2="0">
    <subfield code="a">BF637.C4</subfield>
    <subfield code="b">Z83 2015</subfield>
  </datafield>
  <datafield tag="082" ind1="0" ind2="0">
    <subfield code="a">158.1</subfield>
    <subfield code="2">23</subfield>
  </datafield>
  <datafield tag="084" ind1=" " ind2=" ">
    <subfield code="a">PSY036000</subfield>
    <subfield code="a">SEL031000</subfield>
    <subfield code="a">MED105000</subfield>
    <subfield code="a">SOC025000</subfield>
    <subfield code="2">bisacsh</subfield>
  </datafield>
  <datafield tag="100" ind1="1" ind2=" ">
    <subfield code="a">Zuckoff, Allan, Ph.D.</subfield>
    <subfield code="d">1960-</subfield>
  </datafield>
  <datafield tag="245" ind1="1" ind2="0">
    <subfield code="a">Finding your way to change :</subfield>
    <subfield code="b">how the power of motivational interviewing can reveal what you want and help you get there /</subfield>
    <subfield code="c">Allan Zuckoff, PhD,  with Bonnie Gorscak, PhD..</subfield>
  </datafield>
  <datafield tag="264" ind1=" " ind2="1">
    <subfield code="a">New York :</subfield>
    <subfield code="b">The Guilford Press,</subfield>
    <subfield code="c">[2015]</subfield>
  </datafield>
  <datafield tag="300" ind1=" " ind2=" ">
    <subfield code="a">xiii, 264 pages ;</subfield>
    <subfield code="c">23 cm</subfield>
  </datafield>
  <datafield tag="336" ind1=" " ind2=" ">
    <subfield code="a">text</subfield>
    <subfield code="2">rdacontent</subfield>
  </datafield>
  <datafield tag="337" ind1=" " ind2=" ">
    <subfield code="a">unmediated</subfield>
    <subfield code="2">rdamedia</subfield>
  </datafield>
  <datafield tag="338" ind1=" " ind2=" ">
    <subfield code="a">volume</subfield>
    <subfield code="2">rdacarrier</subfield>
  </datafield>
  <datafield tag="504" ind1=" " ind2=" ">
    <subfield code="a">Includes bibliographical references (pages 257-258) and index.</subfield>
  </datafield>
  <datafield tag="520" ind1=" " ind2=" ">
    <subfield code="a">&quot;Why is it so difficult to make life changes that are urgently desired, even needed? Whether it&apos;s eating healthier, pulling the plug on an unsatisfying job, or ending self-destructive patterns in relationships, old habits die hard. The good news is, it&apos;s perfectly normal to feel stuck--and with motivational interviewing (MI), you can understand what&apos;s keeping you there and how to break free. Allan Zuckoff and Bonnie Gorscak are MI experts who translate this proven counseling approach into powerful self-help strategies and practical tools. Readers learn how to resist unhelpful pressure to change, both from others and from within; overcome self-judgment and shame; and build confidence for developing and carrying out a doable personal change plan. Vivid stories illustrate the techniques in action&quot;--</subfield>
    <subfield code="c">Provided by publisher.</subfield>
  </datafield>
  <datafield tag="650" ind1=" " ind2="0">
    <subfield code="a">Change (Psychology)</subfield>
  </datafield>
  <datafield tag="650" ind1=" " ind2="0">
    <subfield code="a">Motivation (Psychology)</subfield>
  </datafield>
  <datafield tag="650" ind1=" " ind2="0">
    <subfield code="a">Interviewing</subfield>
    <subfield code="x">Psychological aspects.</subfield>
  </datafield>
  <datafield tag="650" ind1=" " ind2="7">
    <subfield code="a">PSYCHOLOGY / Mental Health.</subfield>
    <subfield code="2">bisacsh</subfield>
  </datafield>
  <datafield tag="650" ind1=" " ind2="7">
    <subfield code="a">SELF-HELP / Personal Growth / General.</subfield>
    <subfield code="2">bisacsh</subfield>
  </datafield>
  <datafield tag="650" ind1=" " ind2="7">
    <subfield code="a">MEDICAL / Psychiatry / General.</subfield>
    <subfield code="2">bisacsh</subfield>
  </datafield>
  <datafield tag="650" ind1=" " ind2="7">
    <subfield code="a">SOCIAL SCIENCE / Social Work.</subfield>
    <subfield code="2">bisacsh</subfield>
  </datafield>
  <datafield tag="700" ind1="1" ind2=" ">
    <subfield code="a">Gorscak, Bonnie.</subfield>
  </datafield>
  <datafield tag="700" ind1="1" ind2=" ">
    <subfield code="a">Gorscak, Bonnie.</subfield>
  </datafield>
  <datafield tag="963" ind1=" " ind2=" ">
    <subfield code="a">Louise Farkas; phone: 212-431-9800; email: Louise.Farkas@guilford.com; bc: William.Mcevoy@guilford.com</subfield>
  </datafield>
</record>