
<record>
  <leader>04736cam a22006857i 4500</leader>
  <controlfield tag="001">18459312</controlfield>
  <controlfield tag="005">20200103120528.0</controlfield>
  <controlfield tag="008">150122t20152015ctuac    bc   001 0deng c</controlfield>
  <datafield tag="906" ind1=" " ind2=" ">
    <subfield code="a">7</subfield>
    <subfield code="b">cbc</subfield>
    <subfield code="c">pccadap</subfield>
    <subfield code="d">2</subfield>
    <subfield code="e">ncip</subfield>
    <subfield code="f">20</subfield>
    <subfield code="g">y-gencatlg</subfield>
  </datafield>
  <datafield tag="925" ind1="0" ind2=" ">
    <subfield code="a">acquire</subfield>
    <subfield code="b">1 shelf copy</subfield>
    <subfield code="x">policy default</subfield>
  </datafield>
  <datafield tag="955" ind1=" " ind2=" ">
    <subfield code="b">rk11 2017-05-16 z-processor</subfield>
    <subfield code="i">rk11 2017-05-16 to Dewey</subfield>
  </datafield>
  <datafield tag="955" ind1=" " ind2=" ">
    <subfield code="a">pc24 2015-01-22</subfield>
    <subfield code="a">xn05 2017-05-04 1 copy to USASH</subfield>
  </datafield>
  <datafield tag="010" ind1=" " ind2=" ">
    <subfield code="a">  2015931568</subfield>
  </datafield>
  <datafield tag="020" ind1=" " ind2=" ">
    <subfield code="a">9780300214338</subfield>
  </datafield>
  <datafield tag="020" ind1=" " ind2=" ">
    <subfield code="a">0300214332</subfield>
  </datafield>
  <datafield tag="024" ind1="3" ind2=" ">
    <subfield code="a">9780300214338</subfield>
  </datafield>
  <datafield tag="035" ind1=" " ind2=" ">
    <subfield code="a">(OCoLC)ocn909251585</subfield>
  </datafield>
  <datafield tag="040" ind1=" " ind2=" ">
    <subfield code="a">ERASA</subfield>
    <subfield code="b">eng</subfield>
    <subfield code="e">rda</subfield>
    <subfield code="c">ERASA</subfield>
    <subfield code="d">YDXCP</subfield>
    <subfield code="d">BDX</subfield>
    <subfield code="d">BTCTA</subfield>
    <subfield code="d">GK8</subfield>
    <subfield code="d">OCLCO</subfield>
    <subfield code="d">OCLCF</subfield>
    <subfield code="d">IXA</subfield>
    <subfield code="d">NYP</subfield>
    <subfield code="d">UBY</subfield>
    <subfield code="d">GK8</subfield>
    <subfield code="d">ZCU</subfield>
    <subfield code="d">CUT</subfield>
    <subfield code="d">DEBSZ</subfield>
    <subfield code="d">NLGGC</subfield>
    <subfield code="d">OSU</subfield>
    <subfield code="d">WVU</subfield>
    <subfield code="d">CDX</subfield>
    <subfield code="d">COO</subfield>
    <subfield code="d">OCLCO</subfield>
    <subfield code="d">GBVCP</subfield>
    <subfield code="d">OCLCQ</subfield>
    <subfield code="d">OCLCO</subfield>
    <subfield code="d">OCLCA</subfield>
    <subfield code="d">OCLCQ</subfield>
    <subfield code="d">OCLCO</subfield>
    <subfield code="d">OCL</subfield>
    <subfield code="d">OCLCQ</subfield>
    <subfield code="d">TWTCL</subfield>
    <subfield code="d">DLC</subfield>
  </datafield>
  <datafield tag="041" ind1="0" ind2=" ">
    <subfield code="a">eng</subfield>
  </datafield>
  <datafield tag="043" ind1=" " ind2=" ">
    <subfield code="a">n-us---</subfield>
  </datafield>
  <datafield tag="050" ind1="0" ind2="0">
    <subfield code="a">N6537.W28</subfield>
    <subfield code="b">A4 2015a</subfield>
  </datafield>
  <datafield tag="084" ind1=" " ind2=" ">
    <subfield code="a">21.42</subfield>
    <subfield code="2">bcl</subfield>
  </datafield>
  <datafield tag="245" ind1="0" ind2="0">
    <subfield code="a">Warhol &amp; Mapplethorpe :</subfield>
    <subfield code="b">guise &amp; dolls /</subfield>
    <subfield code="c">edited by Patricia Hickson.</subfield>
  </datafield>
  <datafield tag="246" ind1="3" ind2=" ">
    <subfield code="a">Warhol and Mapplethorpe :</subfield>
    <subfield code="b">guise and dolls</subfield>
  </datafield>
  <datafield tag="264" ind1=" " ind2="1">
    <subfield code="a">Hartford, Connecticut :</subfield>
    <subfield code="b">Wadsworth Atheneum Museum of Art ;</subfield>
    <subfield code="a">New Haven :</subfield>
    <subfield code="b">in association with Yale University Press,</subfield>
    <subfield code="c">[2015]</subfield>
  </datafield>
  <datafield tag="264" ind1=" " ind2="4">
    <subfield code="c">©2015</subfield>
  </datafield>
  <datafield tag="300" ind1=" " ind2=" ">
    <subfield code="a">xi, 172 pages :</subfield>
    <subfield code="b">illustrations (some color), portraits (some color) ;</subfield>
    <subfield code="c">29 cm</subfield>
  </datafield>
  <datafield tag="336" ind1=" " ind2=" ">
    <subfield code="a">text</subfield>
    <subfield code="b">txt</subfield>
    <subfield code="2">rdacontent</subfield>
  </datafield>
  <datafield tag="336" ind1=" " ind2=" ">
    <subfield code="a">still image</subfield>
    <subfield code="b">sti</subfield>
    <subfield code="2">rdacontent</subfield>
  </datafield>
  <datafield tag="337" ind1=" " ind2=" ">
    <subfield code="a">unmediated</subfield>
    <subfield code="b">n</subfield>
    <subfield code="2">rdamedia</subfield>
  </datafield>
  <datafield tag="338" ind1=" " ind2=" ">
    <subfield code="a">volume</subfield>
    <subfield code="b">nc</subfield>
    <subfield code="2">rdacarrier</subfield>
  </datafield>
  <datafield tag="500" ind1=" " ind2=" ">
    <subfield code="a">Published on the occasion of the exhibition Warhol &amp; Mapplethorpe: Guise &amp; Dolls, held October 17, 2015-January 24, 2016 at the Wadsworth Atheneum Museum of Art, Hartford, Connecticut.</subfield>
  </datafield>
  <datafield tag="504" ind1=" " ind2=" ">
    <subfield code="a">Includes bibliographical references and index.</subfield>
  </datafield>
  <datafield tag="520" ind1="8" ind2=" ">
    <subfield code="a">Andy Warhol (1928-1987) and Robert Mapplethorpe (1946-1989) are well known for significant work in portraiture and self-portraiture that challenged gender roles and notions of femininity, masculinity, and androgyny. This exciting and original book is the first to consider the two artists together, examining the powerful portraits they created during the vibrant and tumultuous era bookended by the Stonewall riots and the AIDS crisis. Several important bodies of work are featured, including Warhol&apos;s &apos;Ladies and Gentlemen&apos; series of drag queen portraits and Mapplethorpe&apos;s photographs of Patti Smith and of female body builder Lisa Lyon. These are explored alongside numerous other paintings, photographs, and films that demonstrate the artists&apos; engagement with gender, identity, beauty, performance, and sexuality, including their own self-portraits and portraits of one another. Essays trace the convergences and divergences of Warhol and Mapplethorpe&apos;s work, and examine the historical context of the artists&apos; projects as well as their lasting impact on contemporary art and queer culture. Firsthand accounts by the artists&apos; collaborators and subjects reveal details into the making and exhibition of some of the works presented here. With an illustrated timeline highlighting key moments in the artists&apos; careers, and more than 90 color plates of their arresting pictures, this book provides a fascinating study of two of the most compelling figures in 20th-century art.</subfield>
  </datafield>
  <datafield tag="600" ind1="1" ind2="0">
    <subfield code="a">Warhol, Andy,</subfield>
    <subfield code="d">1928-1987</subfield>
    <subfield code="v">Exhibitions.</subfield>
  </datafield>
  <datafield tag="600" ind1="1" ind2="0">
    <subfield code="a">Mapplethorpe, Robert</subfield>
    <subfield code="v">Exhibitions.</subfield>
  </datafield>
  <datafield tag="650" ind1=" " ind2="0">
    <subfield code="a">Portraits, American</subfield>
    <subfield code="y">20th century</subfield>
    <subfield code="v">Exhibitions.</subfield>
  </datafield>
  <datafield tag="650" ind1=" " ind2="0">
    <subfield code="a">Self-portraits, American</subfield>
    <subfield code="y">20th century</subfield>
    <subfield code="v">Exhibitions.</subfield>
  </datafield>
  <datafield tag="650" ind1=" " ind2="0">
    <subfield code="a">Gender identity in art</subfield>
    <subfield code="v">Exhibitions.</subfield>
  </datafield>
  <datafield tag="600" ind1="1" ind2="4">
    <subfield code="a">Warhol, Andy,</subfield>
    <subfield code="c">is Andrijku Warhola,</subfield>
    <subfield code="d">1928-1987.</subfield>
  </datafield>
  <datafield tag="600" ind1="1" ind2="4">
    <subfield code="a">Mapplethorpe, Robert</subfield>
    <subfield code="q">(Robert Michael),</subfield>
    <subfield code="d">1946-1989.</subfield>
  </datafield>
  <datafield tag="655" ind1=" " ind2="7">
    <subfield code="a">Exhibition catalogs.</subfield>
    <subfield code="2">aat</subfield>
  </datafield>
  <datafield tag="600" ind1="1" ind2="7">
    <subfield code="a">Mapplethorpe, Robert.</subfield>
    <subfield code="2">fast</subfield>
    <subfield code="0">(OCoLC)fst00099704</subfield>
  </datafield>
  <datafield tag="600" ind1="1" ind2="7">
    <subfield code="a">Warhol, Andy,</subfield>
    <subfield code="d">1928-1987.</subfield>
    <subfield code="2">fast</subfield>
    <subfield code="0">(OCoLC)fst00044614</subfield>
  </datafield>
  <datafield tag="650" ind1=" " ind2="7">
    <subfield code="a">Gender identity in art.</subfield>
    <subfield code="2">fast</subfield>
    <subfield code="0">(OCoLC)fst00939604</subfield>
  </datafield>
  <datafield tag="650" ind1=" " ind2="7">
    <subfield code="a">Portraits, American.</subfield>
    <subfield code="2">fast</subfield>
    <subfield code="0">(OCoLC)fst01072342</subfield>
  </datafield>
  <datafield tag="650" ind1=" " ind2="7">
    <subfield code="a">Self-portraits, American.</subfield>
    <subfield code="2">fast</subfield>
    <subfield code="0">(OCoLC)fst01111850</subfield>
  </datafield>
  <datafield tag="648" ind1=" " ind2="7">
    <subfield code="a">1900-1999</subfield>
    <subfield code="2">fast</subfield>
  </datafield>
  <datafield tag="655" ind1=" " ind2="7">
    <subfield code="a">Exhibition catalogs.</subfield>
    <subfield code="2">fast</subfield>
    <subfield code="0">(OCoLC)fst01424028</subfield>
  </datafield>
  <datafield tag="600" ind1="1" ind2="7">
    <subfield code="a">Warhol, Andy,</subfield>
    <subfield code="d">1928-1987.</subfield>
    <subfield code="2">gnd</subfield>
    <subfield code="0">(DE-601)211528382</subfield>
  </datafield>
  <datafield tag="600" ind1="1" ind2="7">
    <subfield code="a">Mapplethorpe, Robert,</subfield>
    <subfield code="d">1946-1989.</subfield>
    <subfield code="2">gnd</subfield>
    <subfield code="0">(DE-601)079591264</subfield>
  </datafield>
  <datafield tag="650" ind1=" " ind2="7">
    <subfield code="a">Bildnis</subfield>
    <subfield code="2">gnd</subfield>
    <subfield code="0">(DE-601)106376888</subfield>
  </datafield>
  <datafield tag="650" ind1=" " ind2="7">
    <subfield code="a">Selbstbildnis</subfield>
    <subfield code="2">gnd</subfield>
    <subfield code="0">(DE-601)106162896</subfield>
  </datafield>
  <datafield tag="651" ind1=" " ind2="7">
    <subfield code="a">Verenigde Staten.</subfield>
    <subfield code="2">gtt</subfield>
    <subfield code="0">(NL-LeOCL)078939836</subfield>
  </datafield>
  <datafield tag="655" ind1=" " ind2="7">
    <subfield code="a">Exhibition catalogs.</subfield>
    <subfield code="2">lcgft</subfield>
  </datafield>
  <datafield tag="700" ind1="1" ind2=" ">
    <subfield code="a">Hickson, Patricia,</subfield>
    <subfield code="e">editor.</subfield>
  </datafield>
  <datafield tag="700" ind1="1" ind2="2">
    <subfield code="a">Warhol, Andy,</subfield>
    <subfield code="d">1928-1987.</subfield>
    <subfield code="t">Works.</subfield>
    <subfield code="k">Selections.</subfield>
  </datafield>
  <datafield tag="700" ind1="1" ind2="2">
    <subfield code="a">Mapplethorpe, Robert.</subfield>
    <subfield code="t">Works.</subfield>
    <subfield code="k">Selections.</subfield>
  </datafield>
  <datafield tag="710" ind1="2" ind2=" ">
    <subfield code="a">Wadsworth Atheneum Museum of Art,</subfield>
    <subfield code="e">host institution.</subfield>
  </datafield>
  <datafield tag="856" ind1="4" ind2="1">
    <subfield code="3">Table of contents</subfield>
    <subfield code="u">http://swbplus.bsz-bw.de/bsz434226319inh.htm</subfield>
    <subfield code="v">20151012164013</subfield>
  </datafield>
</record>