
<record>
  <leader>04613cam a22003737i 4500</leader>
  <controlfield tag="001">18462987</controlfield>
  <controlfield tag="005">20200103120530.0</controlfield>
  <controlfield tag="008">150126s2015    mau           000 0 eng  </controlfield>
  <datafield tag="906" ind1=" " ind2=" ">
    <subfield code="a">7</subfield>
    <subfield code="b">cbc</subfield>
    <subfield code="c">orignew</subfield>
    <subfield code="d">1</subfield>
    <subfield code="e">ecip</subfield>
    <subfield code="f">20</subfield>
    <subfield code="g">y-gencatlg</subfield>
  </datafield>
  <datafield tag="925" ind1="0" ind2=" ">
    <subfield code="a">acquire</subfield>
    <subfield code="b">1 shelf copy</subfield>
    <subfield code="x">policy default</subfield>
  </datafield>
  <datafield tag="955" ind1=" " ind2=" ">
    <subfield code="b">rm07 2015-01-26</subfield>
    <subfield code="i">rm07 2015-01-26 (telework) ONIX to Dewey</subfield>
    <subfield code="w">xl06 2015-01-26</subfield>
    <subfield code="a">xn11 2015-06-17 1 copy rec&apos;d., to CIP ver.</subfield>
    <subfield code="f">rm05 2015-06-24 to CALM</subfield>
  </datafield>
  <datafield tag="010" ind1=" " ind2=" ">
    <subfield code="a">  2014043792</subfield>
  </datafield>
  <datafield tag="020" ind1=" " ind2=" ">
    <subfield code="a">9780807014523 (hardback)</subfield>
  </datafield>
  <datafield tag="020" ind1=" " ind2=" ">
    <subfield code="z">9780807014530 (ebook)</subfield>
  </datafield>
  <datafield tag="040" ind1=" " ind2=" ">
    <subfield code="a">DLC</subfield>
    <subfield code="b">eng</subfield>
    <subfield code="c">DLC</subfield>
    <subfield code="e">rda</subfield>
  </datafield>
  <datafield tag="043" ind1=" " ind2=" ">
    <subfield code="a">n-us-ca</subfield>
  </datafield>
  <datafield tag="050" ind1="0" ind2="0">
    <subfield code="a">HQ756</subfield>
    <subfield code="b">.L43 2015</subfield>
  </datafield>
  <datafield tag="082" ind1="0" ind2="0">
    <subfield code="a">306.874/2</subfield>
    <subfield code="2">23</subfield>
  </datafield>
  <datafield tag="084" ind1=" " ind2=" ">
    <subfield code="a">FAM020000</subfield>
    <subfield code="a">SOC018000</subfield>
    <subfield code="a">SOC001000</subfield>
    <subfield code="2">bisacsh</subfield>
  </datafield>
  <datafield tag="100" ind1="1" ind2=" ">
    <subfield code="a">Leap, Jorja,</subfield>
    <subfield code="d">1955-</subfield>
  </datafield>
  <datafield tag="245" ind1="1" ind2="0">
    <subfield code="a">Project Fatherhood :</subfield>
    <subfield code="b">a story of courage and healing in one of America&apos;s toughest communities /</subfield>
    <subfield code="c">Jorja Leap.</subfield>
  </datafield>
  <datafield tag="264" ind1=" " ind2="1">
    <subfield code="a">Boston :</subfield>
    <subfield code="b">Beacon Press,</subfield>
    <subfield code="c">[2015]</subfield>
  </datafield>
  <datafield tag="300" ind1=" " ind2=" ">
    <subfield code="a">241 pages ;</subfield>
    <subfield code="c">24 cm</subfield>
  </datafield>
  <datafield tag="336" ind1=" " ind2=" ">
    <subfield code="a">text</subfield>
    <subfield code="2">rdacontent</subfield>
  </datafield>
  <datafield tag="337" ind1=" " ind2=" ">
    <subfield code="a">unmediated</subfield>
    <subfield code="2">rdamedia</subfield>
  </datafield>
  <datafield tag="338" ind1=" " ind2=" ">
    <subfield code="a">volume</subfield>
    <subfield code="2">rdacarrier</subfield>
  </datafield>
  <datafield tag="520" ind1=" " ind2=" ">
    <subfield code="a">&quot;A group of former gang members come together to help one another answer the question &quot;How can I be a good father when I&apos;ve never had one?&quot;     In 2010, former gang leader turned community activist Big Mike Cummings asked UCLA gang expert Jorja Leap to co-lead a group of men struggling to be better fathers in Watts, South Los Angeles. These men, black and brown, from late adolescence to middle-age, most formerly incarcerated, work to build their identities as fathers, connect with their children, and heal their community.  Project Fatherhood follows the lives of the men, who meet each week as they struggle with the pain of their own losses, the chronic pressures of poverty and unemployment, and the unquenchable desire to do better and provide more for the next generation. Through immersion into the lived experiences of those working to overcome their circumstances, Leap provides not only dramatic stories of fathers trying to do the right thing but a larger sociological portrait of how institutional injustices become manifest in the lives of ordinary people. The group&apos;s development over time demonstrates real-life movement toward solutions as the men find support in each other and in their shared goal of healing their families and keeping their children out of the &quot;cradle-to-prison pipeline.&quot;&quot;--</subfield>
    <subfield code="c">Provided by publisher.</subfield>
  </datafield>
  <datafield tag="520" ind1=" " ind2=" ">
    <subfield code="a">&quot;When &quot;Big Mike&quot; Cummings asked Jorja Leap to co-lead a group for men learning how to father their children, she had no idea what to expect. What unfolds in these pages is the story of Project Fatherhood and its members as they meet every Wednesday night in Watts - the epicenter of violence in Los Angeles. The struggles the book illuminates are heartbreaking, infuriating and hilarious. Over time, the fathers both support and argue with one another about the best strategies for raising children and dealing with &quot;significant others.&quot; Their family relationships are freighted with joy and uncertainty. But the story moves into deeper territory as the men confront long-term loss and trauma, the chronic pressure of poverty and the unquenchable desire to somehow do better and provide more for the next generation. Many fathers, newly released from incarceration, struggle to follow the road back from prison, which they navigate with equal parts skill and ineptitude. Others struggle to find jobs, observing, &quot;A good father provides for his children.&quot; As the author spends time with these men outside of the group - they share secrets that shed greater light on their efforts to build a life on the ruins of the past. In the end, these fathers reveal a purpose beyond themselves: they want to heal the community they once sought to destroy. This is an intimate book about fatherhood written from the standpoint of someone who initially appears to have nothing in common with these men. Leap is told repeatedly, &quot;You don&apos;t know what it&apos;s like to be us.&quot; Yet, over time, they all discover they share more than they ever imagined. Project Fatherhood offers a portrait of loss, deprivation and pain. But more than that, it offers a view of the human spirit and its unrelenting search for redemption&quot;--</subfield>
    <subfield code="c">Provided by publisher.</subfield>
  </datafield>
  <datafield tag="650" ind1=" " ind2="0">
    <subfield code="a">Fatherhood</subfield>
    <subfield code="z">California</subfield>
    <subfield code="z">Los Angeles.</subfield>
  </datafield>
  <datafield tag="650" ind1=" " ind2="0">
    <subfield code="a">Father and child</subfield>
    <subfield code="z">California</subfield>
    <subfield code="z">Los Angeles.</subfield>
  </datafield>
  <datafield tag="650" ind1=" " ind2="0">
    <subfield code="a">Parenting</subfield>
    <subfield code="z">California</subfield>
    <subfield code="z">Los Angeles.</subfield>
  </datafield>
  <datafield tag="650" ind1=" " ind2="7">
    <subfield code="a">FAMILY &amp; RELATIONSHIPS / Parenting / Fatherhood.</subfield>
    <subfield code="2">bisacsh</subfield>
  </datafield>
  <datafield tag="650" ind1=" " ind2="7">
    <subfield code="a">SOCIAL SCIENCE / Men&apos;s Studies.</subfield>
    <subfield code="2">bisacsh</subfield>
  </datafield>
  <datafield tag="650" ind1=" " ind2="7">
    <subfield code="a">SOCIAL SCIENCE / Ethnic Studies / African American Studies.</subfield>
    <subfield code="2">bisacsh</subfield>
  </datafield>
</record>