
<record>
  <leader>01767cam a22003137i 4500</leader>
  <controlfield tag="001">18464176</controlfield>
  <controlfield tag="005">20200103120530.0</controlfield>
  <controlfield tag="008">150126s2015    enk      b    001 0 eng  </controlfield>
  <datafield tag="906" ind1=" " ind2=" ">
    <subfield code="a">7</subfield>
    <subfield code="b">cbc</subfield>
    <subfield code="c">orignew</subfield>
    <subfield code="d">1</subfield>
    <subfield code="e">ecip</subfield>
    <subfield code="f">20</subfield>
    <subfield code="g">y-gencatlg</subfield>
  </datafield>
  <datafield tag="925" ind1="0" ind2=" ">
    <subfield code="a">acquire</subfield>
    <subfield code="b">1 shelf copy</subfield>
    <subfield code="x">policy default</subfield>
    <subfield code="e">claim1  2015-08-26</subfield>
  </datafield>
  <datafield tag="955" ind1=" " ind2=" ">
    <subfield code="b">rm07 2015-01-26</subfield>
    <subfield code="c">rm07 2015-01-26 (telework)</subfield>
    <subfield code="d">rm03 2015-02-11 2013-02-23 to Dewey</subfield>
    <subfield code="w">xl03 2015-02-24</subfield>
    <subfield code="a">xn11 2015-11-09 1 copy rec&apos;d., to CIP ver.</subfield>
    <subfield code="f">rm06 2015-12-03 to CALM</subfield>
  </datafield>
  <datafield tag="010" ind1=" " ind2=" ">
    <subfield code="a">  2014040646</subfield>
  </datafield>
  <datafield tag="020" ind1=" " ind2=" ">
    <subfield code="a">9780415733250 (hardback)</subfield>
  </datafield>
  <datafield tag="020" ind1=" " ind2=" ">
    <subfield code="z">9781315848549 (ebook)</subfield>
  </datafield>
  <datafield tag="040" ind1=" " ind2=" ">
    <subfield code="a">DLC</subfield>
    <subfield code="b">eng</subfield>
    <subfield code="c">DLC</subfield>
    <subfield code="e">rda</subfield>
    <subfield code="d">DLC</subfield>
  </datafield>
  <datafield tag="050" ind1="0" ind2="0">
    <subfield code="a">HD61.5</subfield>
    <subfield code="b">.W347 2015</subfield>
  </datafield>
  <datafield tag="082" ind1="0" ind2="0">
    <subfield code="a">658.4/7</subfield>
    <subfield code="2">23</subfield>
  </datafield>
  <datafield tag="100" ind1="1" ind2=" ">
    <subfield code="a">Walby, Kevin,</subfield>
    <subfield code="d">1981-</subfield>
  </datafield>
  <datafield tag="245" ind1="1" ind2="0">
    <subfield code="a">Municipal corporate security in international context /</subfield>
    <subfield code="c">Kevin Walby and Randy K. Lippert.</subfield>
  </datafield>
  <datafield tag="264" ind1=" " ind2="1">
    <subfield code="a">Abingdon, Oxon ;</subfield>
    <subfield code="a">New York, NY :</subfield>
    <subfield code="b">Routledge,</subfield>
    <subfield code="c">2015.</subfield>
  </datafield>
  <datafield tag="300" ind1=" " ind2=" ">
    <subfield code="a">xii, 182 pages ;</subfield>
    <subfield code="c">24 cm.</subfield>
  </datafield>
  <datafield tag="336" ind1=" " ind2=" ">
    <subfield code="a">text</subfield>
    <subfield code="2">rdacontent</subfield>
  </datafield>
  <datafield tag="337" ind1=" " ind2=" ">
    <subfield code="a">unmediated</subfield>
    <subfield code="2">rdamedia</subfield>
  </datafield>
  <datafield tag="338" ind1=" " ind2=" ">
    <subfield code="a">volume</subfield>
    <subfield code="2">rdacarrier</subfield>
  </datafield>
  <datafield tag="490" ind1="0" ind2=" ">
    <subfield code="a">Routledge frontiers of criminal justice</subfield>
  </datafield>
  <datafield tag="504" ind1=" " ind2=" ">
    <subfield code="a">Includes bibliographical references (pages 163-178) and index.</subfield>
  </datafield>
  <datafield tag="505" ind1="0" ind2=" ">
    <subfield code="a">Theorizing corporate security -- Municipal corporate security and legal knowledge -- Expertise and professionalization of municipal corporate security -- Making sense of municipal corporate security and surveillance -- Risk and corporate security in municipalities -- Corporate security, public police, and private security -- Municipal corporate security in international perspective -- A visit to the security industry&apos;s grand bazaar -- Accountability and critiques of corporate security -- Conclusion.</subfield>
  </datafield>
  <datafield tag="650" ind1=" " ind2="0">
    <subfield code="a">Business enterprises</subfield>
    <subfield code="x">Security measures.</subfield>
  </datafield>
  <datafield tag="700" ind1="1" ind2=" ">
    <subfield code="a">Lippert, Randy K.,</subfield>
    <subfield code="d">1966-</subfield>
  </datafield>
</record>