
<record>
  <leader>02330cjm a2200517 a 4500</leader>
  <controlfield tag="001">18470784</controlfield>
  <controlfield tag="005">20200103131952.0</controlfield>
  <controlfield tag="007">sd fsngnnmmned</controlfield>
  <controlfield tag="008">150130p20052003sz uun|  fi       | zxx d</controlfield>
  <datafield tag="906" ind1=" " ind2=" ">
    <subfield code="a">7</subfield>
    <subfield code="b">cbc</subfield>
    <subfield code="c">copycat</subfield>
    <subfield code="d">2</subfield>
    <subfield code="e">ncip</subfield>
    <subfield code="f">20</subfield>
    <subfield code="g">y-soundrec</subfield>
  </datafield>
  <datafield tag="925" ind1="0" ind2=" ">
    <subfield code="a">acquire</subfield>
    <subfield code="b">2 shelf copies</subfield>
    <subfield code="x">policy default</subfield>
  </datafield>
  <datafield tag="955" ind1=" " ind2=" ">
    <subfield code="a">qr06 2015-01-30 z-client</subfield>
    <subfield code="i">qr06 2015-01-30</subfield>
  </datafield>
  <datafield tag="010" ind1=" " ind2=" ">
    <subfield code="a">  2015617076</subfield>
  </datafield>
  <datafield tag="024" ind1="3" ind2=" ">
    <subfield code="a">7619911071240</subfield>
  </datafield>
  <datafield tag="028" ind1="0" ind2="2">
    <subfield code="a">7124</subfield>
    <subfield code="b">Tudor</subfield>
  </datafield>
  <datafield tag="033" ind1="2" ind2=" ">
    <subfield code="a">20030616</subfield>
    <subfield code="a">20030619</subfield>
    <subfield code="b">6044</subfield>
    <subfield code="c">B4</subfield>
  </datafield>
  <datafield tag="035" ind1=" " ind2=" ">
    <subfield code="a">(OCoLC)ocn251427895</subfield>
  </datafield>
  <datafield tag="040" ind1=" " ind2=" ">
    <subfield code="a">TEF</subfield>
    <subfield code="b">eng</subfield>
    <subfield code="c">TEF</subfield>
    <subfield code="d">TEF</subfield>
    <subfield code="d">OCLCQ</subfield>
    <subfield code="d">DLC</subfield>
  </datafield>
  <datafield tag="042" ind1=" " ind2=" ">
    <subfield code="a">lccopycat</subfield>
  </datafield>
  <datafield tag="048" ind1=" " ind2=" ">
    <subfield code="a">wd01</subfield>
    <subfield code="a">ba01</subfield>
    <subfield code="a">sa01</subfield>
    <subfield code="a">sb02</subfield>
  </datafield>
  <datafield tag="048" ind1=" " ind2=" ">
    <subfield code="a">wd01</subfield>
    <subfield code="a">ba01</subfield>
    <subfield code="a">wb01</subfield>
    <subfield code="a">sb02</subfield>
  </datafield>
  <datafield tag="050" ind1="0" ind2="0">
    <subfield code="a">SDC 46837</subfield>
  </datafield>
  <datafield tag="100" ind1="1" ind2=" ">
    <subfield code="a">Hoffmeister, Franz Anton,</subfield>
    <subfield code="d">1754-1812.</subfield>
  </datafield>
  <datafield tag="240" ind1="1" ind2="0">
    <subfield code="a">Nocturnes.</subfield>
    <subfield code="k">Selections</subfield>
  </datafield>
  <datafield tag="245" ind1="1" ind2="0">
    <subfield code="a">Notturnos (Quintets)</subfield>
    <subfield code="h">[sound recording] /</subfield>
    <subfield code="c">Franz Anton Hoffmeister.</subfield>
  </datafield>
  <datafield tag="246" ind1="3" ind2="1">
    <subfield code="a">Quintets</subfield>
  </datafield>
  <datafield tag="260" ind1=" " ind2=" ">
    <subfield code="a">Zürich, Switzerland :</subfield>
    <subfield code="b">Tudor,</subfield>
    <subfield code="c">℗2005.</subfield>
  </datafield>
  <datafield tag="300" ind1=" " ind2=" ">
    <subfield code="a">1 audio disc :</subfield>
    <subfield code="b">digital ;</subfield>
    <subfield code="c">4 3/4 in.</subfield>
  </datafield>
  <datafield tag="336" ind1=" " ind2=" ">
    <subfield code="a">performed music</subfield>
    <subfield code="b">prm</subfield>
    <subfield code="2">rdacontent</subfield>
  </datafield>
  <datafield tag="337" ind1=" " ind2=" ">
    <subfield code="a">audio</subfield>
    <subfield code="b">s</subfield>
    <subfield code="2">rdamedia</subfield>
  </datafield>
  <datafield tag="338" ind1=" " ind2=" ">
    <subfield code="a">audio disc</subfield>
    <subfield code="b">sd</subfield>
    <subfield code="2">rdacarrier</subfield>
  </datafield>
  <datafield tag="511" ind1="0" ind2=" ">
    <subfield code="a">Simon Fuchs, oboe ; Jakob Hefti, horn ; Manfred Sax, bassoon ; Michel Rouilly, viola ; Katja Richter, viola ; Primož Novšak, violin.</subfield>
  </datafield>
  <datafield tag="518" ind1=" " ind2=" ">
    <subfield code="a">Recorded June 16-19, 2003, Kirche Blumentstein, Bern.</subfield>
  </datafield>
  <datafield tag="500" ind1=" " ind2=" ">
    <subfield code="a">Compact disc; SACD.</subfield>
  </datafield>
  <datafield tag="500" ind1=" " ind2=" ">
    <subfield code="a">&quot;Super Audio CD Hybrid&quot;--Container.</subfield>
  </datafield>
  <datafield tag="500" ind1=" " ind2=" ">
    <subfield code="a">&quot;Original multichannel recording plays on all SACD and CD players&quot;--Container.</subfield>
  </datafield>
  <datafield tag="500" ind1=" " ind2=" ">
    <subfield code="a">Program notes in German, English and French inserted in container.</subfield>
  </datafield>
  <datafield tag="505" ind1="0" ind2=" ">
    <subfield code="a">Quintetto in B, no. 1 für Oboe, Violino, due Viole, Fagotto (15:47) -- Quintetto in (Dis), no. 2 für Oboe, Violino, due Viole, Fagotto (14:15) -- Quintetto in Es, no. 4 für Oboe, Corno, due Viole con Fagotto (14:31) -- Quintetto in F, no. 5 für Oboe, Corno, due Viole con Fagotto (14:26) -- Quintetto in C, no. 6 für Oboe, Violino, due Viole, Fagotto (14:28).</subfield>
  </datafield>
  <datafield tag="650" ind1=" " ind2="0">
    <subfield code="a">Quintets (Bassoon, oboe, violin, violas (2))</subfield>
  </datafield>
  <datafield tag="650" ind1=" " ind2="0">
    <subfield code="a">Quintets (Bassoon, horn, oboe, violas (2))</subfield>
  </datafield>
  <datafield tag="700" ind1="1" ind2=" ">
    <subfield code="a">Fuchs, Simon,</subfield>
    <subfield code="d">1961-</subfield>
  </datafield>
  <datafield tag="700" ind1="1" ind2=" ">
    <subfield code="a">Hefti, Jakob.</subfield>
    <subfield code="4">prf</subfield>
  </datafield>
  <datafield tag="700" ind1="1" ind2=" ">
    <subfield code="a">Sax, Manfred.</subfield>
    <subfield code="4">prf</subfield>
  </datafield>
  <datafield tag="700" ind1="1" ind2=" ">
    <subfield code="a">Rouilly, Michel.</subfield>
    <subfield code="4">prf</subfield>
  </datafield>
  <datafield tag="700" ind1="1" ind2=" ">
    <subfield code="a">Richter, Katja.</subfield>
    <subfield code="4">prf</subfield>
  </datafield>
  <datafield tag="700" ind1="1" ind2=" ">
    <subfield code="a">Novšak, Primož.</subfield>
    <subfield code="4">prf</subfield>
  </datafield>
</record>