
<record>
  <leader>03169cam a22004337i 4500</leader>
  <controlfield tag="001">18477007</controlfield>
  <controlfield tag="005">20200103120533.0</controlfield>
  <controlfield tag="008">150203s2015    nyu      b    001 0 eng  </controlfield>
  <datafield tag="906" ind1=" " ind2=" ">
    <subfield code="a">7</subfield>
    <subfield code="b">cbc</subfield>
    <subfield code="c">orignew</subfield>
    <subfield code="d">1</subfield>
    <subfield code="e">ecip</subfield>
    <subfield code="f">20</subfield>
    <subfield code="g">y-gencatlg</subfield>
  </datafield>
  <datafield tag="925" ind1="0" ind2=" ">
    <subfield code="a">acquire</subfield>
    <subfield code="b">1 shelf copy</subfield>
    <subfield code="x">policy default</subfield>
  </datafield>
  <datafield tag="955" ind1=" " ind2=" ">
    <subfield code="b">rf14 2015-02-03</subfield>
    <subfield code="i">rf14 2015-02-03 telework ONIX; to Dewey</subfield>
    <subfield code="w">xl03 2015-02-03</subfield>
    <subfield code="a">xn12 2015-10-13 1 copy rec&apos;d., to CIP ver.</subfield>
    <subfield code="f">rm06 2015-10-29 to CALM</subfield>
  </datafield>
  <datafield tag="010" ind1=" " ind2=" ">
    <subfield code="a">  2014040461</subfield>
  </datafield>
  <datafield tag="020" ind1=" " ind2=" ">
    <subfield code="a">9780521506342 (hardback)</subfield>
  </datafield>
  <datafield tag="020" ind1=" " ind2=" ">
    <subfield code="a">9780521738149 (paperback)</subfield>
  </datafield>
  <datafield tag="040" ind1=" " ind2=" ">
    <subfield code="a">DLC</subfield>
    <subfield code="b">eng</subfield>
    <subfield code="c">DLC</subfield>
    <subfield code="e">rda</subfield>
    <subfield code="d">DLC</subfield>
  </datafield>
  <datafield tag="043" ind1=" " ind2=" ">
    <subfield code="a">a-ir---</subfield>
    <subfield code="a">a-iq---</subfield>
  </datafield>
  <datafield tag="050" ind1="0" ind2="0">
    <subfield code="a">HC475</subfield>
    <subfield code="b">.M314 2015</subfield>
  </datafield>
  <datafield tag="082" ind1="0" ind2="0">
    <subfield code="a">330.955</subfield>
    <subfield code="2">23</subfield>
  </datafield>
  <datafield tag="084" ind1=" " ind2=" ">
    <subfield code="a">POL040020</subfield>
    <subfield code="2">bisacsh</subfield>
  </datafield>
  <datafield tag="100" ind1="1" ind2=" ">
    <subfield code="a">Maloney, Suzanne.</subfield>
  </datafield>
  <datafield tag="245" ind1="1" ind2="0">
    <subfield code="a">Iran&apos;s political economy since the revolution /</subfield>
    <subfield code="c">Suzanne Maloney Brookings Institution, Washington, DC.</subfield>
  </datafield>
  <datafield tag="264" ind1=" " ind2="1">
    <subfield code="a">New York, NY :</subfield>
    <subfield code="b">Cambridge University Press,</subfield>
    <subfield code="c">2015.</subfield>
  </datafield>
  <datafield tag="300" ind1=" " ind2=" ">
    <subfield code="a">v, 581 pages ;</subfield>
    <subfield code="c">24 cm</subfield>
  </datafield>
  <datafield tag="336" ind1=" " ind2=" ">
    <subfield code="a">text</subfield>
    <subfield code="b">txt</subfield>
    <subfield code="2">rdacontent</subfield>
  </datafield>
  <datafield tag="337" ind1=" " ind2=" ">
    <subfield code="a">unmediated</subfield>
    <subfield code="b">n</subfield>
    <subfield code="2">rdamedia</subfield>
  </datafield>
  <datafield tag="338" ind1=" " ind2=" ">
    <subfield code="a">volume</subfield>
    <subfield code="b">nc</subfield>
    <subfield code="2">rdacarrier</subfield>
  </datafield>
  <datafield tag="504" ind1=" " ind2=" ">
    <subfield code="a">Includes bibliographical references (pages 541-577) and index.</subfield>
  </datafield>
  <datafield tag="520" ind1="2" ind2=" ">
    <subfield code="a">&quot;Over three decades after the Iranian Revolution reconfigured the strategic landscape in the Middle East, scholars are still trying to decipher its aftereffects. Suzanne Maloney provides the first comprehensive overview of Iran&apos;s political economy since the 1979 revolution and offers detailed examinations of two aspects of the Iranian economy of direct interest to scholars and non-specialist readers of Iran: the energy sector and the role of sanctions. Based on the author&apos;s research as both a scholar and government advisor, the book also features interviews with American and Iranian government officials. Moving chronologically from the early years under Khomeini, through the economic deprivations of the 1980s during the Iran-Iraq war, through liberalization under Khatami to the present, Maloney offers fascinating insights into Iran&apos;s domestic politics and how economic policies have affected ideology, leadership priorities, and foreign relations&quot;--</subfield>
    <subfield code="c">Provided by publisher.</subfield>
  </datafield>
  <datafield tag="505" ind1="0" ind2=" ">
    <subfield code="a">The prelude : the political economy of pre-revolutionary Iran -- The economics of upheaval, 1977-80 -- The cost of sacred defense, 1980-9 -- The reconstruction jihad, 1989-97 -- Ayatollah Gorbachev : reform within the red lines, 1997-2005 -- Populism, version 2.0 : the Ahmadinejad era, 2005-13 -- Energy and the Islamic republic -- Sanctions and the sacred state.</subfield>
  </datafield>
  <datafield tag="651" ind1=" " ind2="0">
    <subfield code="a">Iran</subfield>
    <subfield code="x">Economic policy.</subfield>
  </datafield>
  <datafield tag="651" ind1=" " ind2="0">
    <subfield code="a">Iran</subfield>
    <subfield code="x">Politics and government</subfield>
    <subfield code="y">1979-1997.</subfield>
  </datafield>
  <datafield tag="651" ind1=" " ind2="0">
    <subfield code="a">Iran</subfield>
    <subfield code="x">Politics and government</subfield>
    <subfield code="y">1997-</subfield>
  </datafield>
  <datafield tag="651" ind1=" " ind2="0">
    <subfield code="a">Iran</subfield>
    <subfield code="x">History</subfield>
    <subfield code="y">Revolution, 1979</subfield>
    <subfield code="x">Influence.</subfield>
  </datafield>
  <datafield tag="650" ind1=" " ind2="0">
    <subfield code="a">Energy industries</subfield>
    <subfield code="z">Iran.</subfield>
  </datafield>
  <datafield tag="650" ind1=" " ind2="0">
    <subfield code="a">Economic sanctions</subfield>
    <subfield code="z">Iran.</subfield>
  </datafield>
  <datafield tag="650" ind1=" " ind2="0">
    <subfield code="a">Iran-Iraq War, 1980-1988</subfield>
    <subfield code="x">Economic aspects.</subfield>
  </datafield>
  <datafield tag="650" ind1=" " ind2="7">
    <subfield code="a">POLITICAL SCIENCE / Government / International.</subfield>
    <subfield code="2">bisacsh</subfield>
  </datafield>
  <datafield tag="856" ind1="4" ind2="2">
    <subfield code="3">Cover image</subfield>
    <subfield code="u">http://assets.cambridge.org/97805215/06342/cover/9780521506342.jpg</subfield>
  </datafield>
  <datafield tag="963" ind1=" " ind2=" ">
    <subfield code="a">Contact: Joseph Gautham; phone: +91-413 4213008; email: BooksCUP-LOC-India@spi-bpo.com; bc: sreid@cambridge.org</subfield>
  </datafield>
</record>