
<record>
  <leader>04181cam a22003857i 4500</leader>
  <controlfield tag="001">18485574</controlfield>
  <controlfield tag="005">20200103120536.0</controlfield>
  <controlfield tag="008">150209s2015    enk           000 0 eng  </controlfield>
  <datafield tag="906" ind1=" " ind2=" ">
    <subfield code="a">7</subfield>
    <subfield code="b">cbc</subfield>
    <subfield code="c">orignew</subfield>
    <subfield code="d">1</subfield>
    <subfield code="e">ecip</subfield>
    <subfield code="f">20</subfield>
    <subfield code="g">y-gencatlg</subfield>
  </datafield>
  <datafield tag="925" ind1="0" ind2=" ">
    <subfield code="a">acquire</subfield>
    <subfield code="b">1 shelf copy</subfield>
    <subfield code="x">policy default</subfield>
    <subfield code="e">claim1  2015-10-05</subfield>
    <subfield code="e">claim2  2016-02-03</subfield>
  </datafield>
  <datafield tag="955" ind1=" " ind2=" ">
    <subfield code="b">rm15 2015-02-09</subfield>
    <subfield code="c">rm15 2015-02-09 ONIX</subfield>
    <subfield code="i">rm15 2015-02-09 (telework)</subfield>
    <subfield code="a">rm15 2015-02-09 to Dewey</subfield>
    <subfield code="w">xl03 2015-02-09</subfield>
    <subfield code="a">xn08 2016-04-11 1 copy rec&apos;d., to CIP ver.</subfield>
    <subfield code="f">rm05 2016-04-19 to CALM</subfield>
  </datafield>
  <datafield tag="010" ind1=" " ind2=" ">
    <subfield code="a">  2015003204</subfield>
  </datafield>
  <datafield tag="020" ind1=" " ind2=" ">
    <subfield code="a">9781137476814 (hardback)</subfield>
  </datafield>
  <datafield tag="040" ind1=" " ind2=" ">
    <subfield code="a">DLC</subfield>
    <subfield code="b">eng</subfield>
    <subfield code="c">DLC</subfield>
    <subfield code="e">rda</subfield>
    <subfield code="d">DLC</subfield>
  </datafield>
  <datafield tag="050" ind1="0" ind2="0">
    <subfield code="a">HV9275</subfield>
    <subfield code="b">.A456 2015</subfield>
  </datafield>
  <datafield tag="082" ind1="0" ind2="0">
    <subfield code="a">364.6/8</subfield>
    <subfield code="2">23</subfield>
  </datafield>
  <datafield tag="084" ind1=" " ind2=" ">
    <subfield code="a">PSY014000</subfield>
    <subfield code="a">SOC004000</subfield>
    <subfield code="a">SOC030000</subfield>
    <subfield code="2">bisacsh</subfield>
  </datafield>
  <datafield tag="245" ind1="0" ind2="0">
    <subfield code="a">Alternative offender rehabilitation and social justice :</subfield>
    <subfield code="b">arts and physical engagement in criminal justice and community settings /</subfield>
    <subfield code="c">edited by Janelle Joseph, University of Toronto, Canada and Wesley Crichlow, University of Ontario Institute of Technology, Canada.</subfield>
  </datafield>
  <datafield tag="264" ind1=" " ind2="1">
    <subfield code="a">Houndmills, Basingstoke, Hampshire ;</subfield>
    <subfield code="a">New York, NY :</subfield>
    <subfield code="b">Palgrave Macmillan,</subfield>
    <subfield code="c">2015.</subfield>
  </datafield>
  <datafield tag="300" ind1=" " ind2=" ">
    <subfield code="a">x, 197 pages ;</subfield>
    <subfield code="c">23 cm</subfield>
  </datafield>
  <datafield tag="336" ind1=" " ind2=" ">
    <subfield code="a">text</subfield>
    <subfield code="2">rdacontent</subfield>
  </datafield>
  <datafield tag="337" ind1=" " ind2=" ">
    <subfield code="a">unmediated</subfield>
    <subfield code="2">rdamedia</subfield>
  </datafield>
  <datafield tag="338" ind1=" " ind2=" ">
    <subfield code="a">volume</subfield>
    <subfield code="2">rdacarrier</subfield>
  </datafield>
  <datafield tag="520" ind1=" " ind2=" ">
    <subfield code="a">&quot;Alternative Offender Rehabilitation and Social Justice addresses the contentious issue of how to improve rehabilitation in the criminal justice system. The contributors demonstrate that although there may be implementation challenges, alternative approaches to rehabilitation can succeed in developing pro-social attitudes and in improving mental, physical and spiritual health among youth and adult criminal offenders. A central theme throughout the book is the use of mindfulness as a foundational tool of self-reflexivity in both arts and physical engagement programming. Whether they include meditation, yoga, capoeira, drama, or creative writing, alternative rehabilitation programs give offenders an outlet for creative expression and therapy. The contributing authors explore the theoretical basis, mechanisms of implementation, benefits and drawbacks of a range of alternative rehabilitation modalities and challenge all to re-think social justice for offenders&quot;--</subfield>
    <subfield code="c">Provided by publisher.</subfield>
  </datafield>
  <datafield tag="505" ind1="8" ind2=" ">
    <subfield code="a">Machine generated contents note: -- Introduction: Towards Arts and Physical Engagement as Mindful Alternative Rehabilitation; Wesley Crichlow and Janelle Joseph -- 1. Meditation Practices and the Reduction of Aggression and Violence: Towards a Gender-Sensitive, Humanitarian, Healing-Based Intervention; Gwen Hunnicutt and Daniel Rhodes -- 2. &quot;I Feel Mad Light&quot;: Sharing Mindfulness-Based Strategies with Troubled Youth; Carla Barrett -- 3. Physical Culture and Alternative Rehabilitation: Qualitative Insights from a Martial Arts Intervention Program; Janelle Joseph -- 4. Prison Yoga as a Correctional Alternative?: Physical Culture, Rehabilitation, and Social Control in Canadian Prisons; Mark Norman -- 5. Moving Beyond &quot;Just Fun and Games&quot;: The Process and Outcomes of Equine-Assisted Psychotherapy Programming for Institutionalized Girls; Allison J. Foley -- 6. The Art of Rehabilitation: Extracurricular Activities and the Disruption of Intergenerational Incarceration; Bryan L. Sykes, Jason P. Gioviano and Alex R. Piquero -- 7. Evaluating Drama-Based Crime Prevention: Problems, Politics, and New Directions; Laura Kelly, Victoria Foster and Anne Hayes -- 8. Scrimmage-play: Writing and Reading Short Fiction with Incarcerated Men; Michael Lockett, Rebecca Luce-Kapler and Dennis Sumara -- 9. Concluding Remarks: Challenges and Prospects of an Alternative Rehabilitation; Wesley Crichlow and Livy Visano.</subfield>
  </datafield>
  <datafield tag="650" ind1=" " ind2="0">
    <subfield code="a">Criminals</subfield>
    <subfield code="x">Rehabilitation.</subfield>
  </datafield>
  <datafield tag="650" ind1=" " ind2="0">
    <subfield code="a">Juvenile delinquents</subfield>
    <subfield code="x">Rehabilitation.</subfield>
  </datafield>
  <datafield tag="650" ind1=" " ind2="0">
    <subfield code="a">Alternatives to imprisonment.</subfield>
  </datafield>
  <datafield tag="650" ind1=" " ind2="0">
    <subfield code="a">Arts</subfield>
    <subfield code="x">Therapeutic use.</subfield>
  </datafield>
  <datafield tag="650" ind1=" " ind2="0">
    <subfield code="a">Meditation</subfield>
    <subfield code="x">Therapeutic use.</subfield>
  </datafield>
  <datafield tag="650" ind1=" " ind2="7">
    <subfield code="a">PSYCHOLOGY / Forensic Psychology.</subfield>
    <subfield code="2">bisacsh</subfield>
  </datafield>
  <datafield tag="650" ind1=" " ind2="7">
    <subfield code="a">SOCIAL SCIENCE / Criminology.</subfield>
    <subfield code="2">bisacsh</subfield>
  </datafield>
  <datafield tag="650" ind1=" " ind2="7">
    <subfield code="a">SOCIAL SCIENCE / Penology.</subfield>
    <subfield code="2">bisacsh</subfield>
  </datafield>
  <datafield tag="700" ind1="1" ind2=" ">
    <subfield code="a">Joseph, Janelle A.,</subfield>
    <subfield code="d">1981-</subfield>
  </datafield>
  <datafield tag="700" ind1="1" ind2=" ">
    <subfield code="a">Crichlow, Wesley E. A.</subfield>
    <subfield code="q">(Wesley Eddison Aylesworth),</subfield>
    <subfield code="d">1961-</subfield>
  </datafield>
</record>