
<record>
  <leader>03652cam a22003977i 4500</leader>
  <controlfield tag="001">18492912</controlfield>
  <controlfield tag="005">20200103120537.0</controlfield>
  <controlfield tag="008">150213s2015    enk      b    001 0 eng  </controlfield>
  <datafield tag="906" ind1=" " ind2=" ">
    <subfield code="a">7</subfield>
    <subfield code="b">cbc</subfield>
    <subfield code="c">orignew</subfield>
    <subfield code="d">1</subfield>
    <subfield code="e">ecip</subfield>
    <subfield code="f">20</subfield>
    <subfield code="g">y-gencatlg</subfield>
  </datafield>
  <datafield tag="925" ind1="0" ind2=" ">
    <subfield code="a">acquire</subfield>
    <subfield code="b">2 shelf copies</subfield>
    <subfield code="x">policy default (ex.)</subfield>
  </datafield>
  <datafield tag="955" ind1=" " ind2=" ">
    <subfield code="b">rm07 2015-02-13</subfield>
    <subfield code="c">rm07 2015-02-13 ONIX</subfield>
    <subfield code="d">rm03 2015-02-27 2015-03-05 to Dewey</subfield>
    <subfield code="w">xl03 2015-03-06</subfield>
    <subfield code="a">xn11 2015-07-02 1 copy rec&apos;d., to CIP ver.</subfield>
    <subfield code="f">rm05 2015-08-06 to CALM</subfield>
    <subfield code="t">rm06 2015-08-12 copy 2 to CALM</subfield>
  </datafield>
  <datafield tag="010" ind1=" " ind2=" ">
    <subfield code="a">  2015001764</subfield>
  </datafield>
  <datafield tag="020" ind1=" " ind2=" ">
    <subfield code="a">9781137434951 (hardback)</subfield>
  </datafield>
  <datafield tag="040" ind1=" " ind2=" ">
    <subfield code="a">DLC</subfield>
    <subfield code="b">eng</subfield>
    <subfield code="c">DLC</subfield>
    <subfield code="e">rda</subfield>
    <subfield code="d">DLC</subfield>
  </datafield>
  <datafield tag="050" ind1="0" ind2="0">
    <subfield code="a">HF5415.32</subfield>
    <subfield code="b">.R348 2015</subfield>
  </datafield>
  <datafield tag="082" ind1="0" ind2="0">
    <subfield code="a">658.8</subfield>
    <subfield code="2">23</subfield>
  </datafield>
  <datafield tag="084" ind1=" " ind2=" ">
    <subfield code="a">BUS020000</subfield>
    <subfield code="a">BUS025000</subfield>
    <subfield code="a">BUS041000</subfield>
    <subfield code="a">BUS063000</subfield>
    <subfield code="2">bisacsh</subfield>
  </datafield>
  <datafield tag="100" ind1="0" ind2=" ">
    <subfield code="a">Rajagopal,</subfield>
    <subfield code="d">1957-</subfield>
  </datafield>
  <datafield tag="245" ind1="1" ind2="4">
    <subfield code="a">The butterfly effect in competitive markets :</subfield>
    <subfield code="b">driving small changes for large differences /</subfield>
    <subfield code="c">Rajagopal, Professor, EGADE Business School, ITESM Mexico City and Visiting Professor, Boston University, Boston, MA.</subfield>
  </datafield>
  <datafield tag="264" ind1=" " ind2="1">
    <subfield code="a">Houndmills, Basingstoke, Hampshire ;</subfield>
    <subfield code="a">New York, NY :</subfield>
    <subfield code="b">Palgrave Macmillan,</subfield>
    <subfield code="c">2015.</subfield>
  </datafield>
  <datafield tag="300" ind1=" " ind2=" ">
    <subfield code="a">xxi, 295 pages ;</subfield>
    <subfield code="c">23 cm</subfield>
  </datafield>
  <datafield tag="336" ind1=" " ind2=" ">
    <subfield code="a">text</subfield>
    <subfield code="2">rdacontent</subfield>
  </datafield>
  <datafield tag="337" ind1=" " ind2=" ">
    <subfield code="a">unmediated</subfield>
    <subfield code="2">rdamedia</subfield>
  </datafield>
  <datafield tag="338" ind1=" " ind2=" ">
    <subfield code="a">volume</subfield>
    <subfield code="2">rdacarrier</subfield>
  </datafield>
  <datafield tag="504" ind1=" " ind2=" ">
    <subfield code="a">Includes bibliographical references (pages 269-290) and index.</subfield>
  </datafield>
  <datafield tag="520" ind1=" " ind2=" ">
    <subfield code="a">&quot;The Butterfly Effect In Competitive Markets illustrates through logical market behavior analysis how chaos in the market drives tactics among the market competitors that causes shifts in consumer preferences and guides the buying behavior.  Such shifts in consumer behavior are often radical and face initial resistance. However, consumers&apos; thrust to break social conformity drives adaptability behavior to change over the period. Strategies of firms that emerge out of market chaos help firms in growing their business in local markets and achieve sustainability and global competitiveness.  Consequently, every small change emerged out of the market chaos contributes to a global and sustainable effect in the market. This book is divided into ten chapters spread across three sections that comprise analyzing market chaos, building global-local marketing effects, and unveiling future effects. The discussion presented provides a comprehensive introduction to the concept of entrepreneurship and entrepreneurial business management. It covers many elements of the entrepreneurial management discipline including choosing a business, organizing, financing, marketing, developing an offering that the market will value, and growing the business in all its dimensions.  &quot;--</subfield>
    <subfield code="c">Provided by publisher.</subfield>
  </datafield>
  <datafield tag="505" ind1="8" ind2=" ">
    <subfield code="a">Machine generated contents note: -- PART I: ANALYZING MARKET CHAOS -- 1. Chaos in Markets -- 2. Reasoned Action and Planned Behavior -- 3. Managing Market Shifts -- PART II: BUILDING GLOBAL-LOCAL MARKETING EFFECTS -- 4. Market Trend Analysis -- 5. Consumer Value Management -- 6. Darwinism in Marketplace -- 7. Business Growth and Local Effects -- 8. Sustainable Marketing -- PART III: UNVEILING FUTURE EFFECTS -- 9. Social Psychology of Consumers -- 10. Challenges of Butterfly Effect.</subfield>
  </datafield>
  <datafield tag="650" ind1=" " ind2="0">
    <subfield code="a">Consumers&apos; preferences.</subfield>
  </datafield>
  <datafield tag="650" ind1=" " ind2="0">
    <subfield code="a">Consumer behavior.</subfield>
  </datafield>
  <datafield tag="650" ind1=" " ind2="0">
    <subfield code="a">Chaotic behavior in systems.</subfield>
  </datafield>
  <datafield tag="650" ind1=" " ind2="0">
    <subfield code="a">Strategic planning.</subfield>
  </datafield>
  <datafield tag="650" ind1=" " ind2="7">
    <subfield code="a">BUSINESS &amp; ECONOMICS / Development / Business Development.</subfield>
    <subfield code="2">bisacsh</subfield>
  </datafield>
  <datafield tag="650" ind1=" " ind2="7">
    <subfield code="a">BUSINESS &amp; ECONOMICS / Entrepreneurship.</subfield>
    <subfield code="2">bisacsh</subfield>
  </datafield>
  <datafield tag="650" ind1=" " ind2="7">
    <subfield code="a">BUSINESS &amp; ECONOMICS / Management.</subfield>
    <subfield code="2">bisacsh</subfield>
  </datafield>
  <datafield tag="650" ind1=" " ind2="7">
    <subfield code="a">BUSINESS &amp; ECONOMICS / Strategic Planning.</subfield>
    <subfield code="2">bisacsh</subfield>
  </datafield>
  <datafield tag="856" ind1="4" ind2="2">
    <subfield code="3">Cover image</subfield>
    <subfield code="u">http://www.netread.com/jcusers2/bk1388/951/9781137434951/image/lgcover.9781137434951.jpg</subfield>
  </datafield>
</record>