
<record>
  <leader>02288cam a22004457i 4500</leader>
  <controlfield tag="001">18497996</controlfield>
  <controlfield tag="005">20200103150443.0</controlfield>
  <controlfield tag="008">150219s2016    njua          001 0 eng  </controlfield>
  <datafield tag="906" ind1=" " ind2=" ">
    <subfield code="a">7</subfield>
    <subfield code="b">cbc</subfield>
    <subfield code="c">orignew</subfield>
    <subfield code="d">2</subfield>
    <subfield code="e">epcn</subfield>
    <subfield code="f">20</subfield>
    <subfield code="g">y-gencatlg</subfield>
  </datafield>
  <datafield tag="925" ind1="0" ind2=" ">
    <subfield code="a">acquire</subfield>
    <subfield code="b">1 shelf copy</subfield>
    <subfield code="x">policy default</subfield>
  </datafield>
  <datafield tag="925" ind1="0" ind2=" ">
    <subfield code="a">acquire</subfield>
    <subfield code="b">1 shelf copy</subfield>
    <subfield code="x">policy default</subfield>
  </datafield>
  <datafield tag="955" ind1=" " ind2=" ">
    <subfield code="a">pc12 2015-02-19</subfield>
    <subfield code="a">xn11 2017-01-27 1 copy rec&apos;d., to USASH</subfield>
    <subfield code="i">cd04 2017-05-17 telework to cd01 for review;</subfield>
    <subfield code="r">cd01 2017-06-01 reviewed, returned to cd04</subfield>
    <subfield code="a">cd04 2017-06-05 corrections made</subfield>
    <subfield code="e">cd04 2017-06-05 to Dewey</subfield>
    <subfield code="w">xm09 2017-06-15 ;</subfield>
    <subfield code="t">cd06 2017-08-28 added copy 2, to GenColl. (Limited editions, heavily used -- keep both copies.)</subfield>
  </datafield>
  <datafield tag="010" ind1=" " ind2=" ">
    <subfield code="a">  2015934099</subfield>
  </datafield>
  <datafield tag="040" ind1=" " ind2=" ">
    <subfield code="a">DLC</subfield>
    <subfield code="b">eng</subfield>
    <subfield code="c">DLC</subfield>
    <subfield code="e">rda</subfield>
    <subfield code="d">DLC</subfield>
  </datafield>
  <datafield tag="041" ind1="1" ind2=" ">
    <subfield code="a">eng</subfield>
    <subfield code="h">heb</subfield>
    <subfield code="h">yid</subfield>
  </datafield>
  <datafield tag="043" ind1=" " ind2=" ">
    <subfield code="a">e-pl---</subfield>
  </datafield>
  <datafield tag="050" ind1="0" ind2="0">
    <subfield code="a">DS134.66.Z35</subfield>
    <subfield code="b">S4413 2016</subfield>
  </datafield>
  <datafield tag="066" ind1=" " ind2=" ">
    <subfield code="c">(2</subfield>
  </datafield>
  <datafield tag="082" ind1="0" ind2="0">
    <subfield code="a">940.54/18438</subfield>
    <subfield code="2">23</subfield>
  </datafield>
  <datafield tag="130" ind1="0" ind2=" ">
    <subfield code="a">Sefer Zambrov.</subfield>
    <subfield code="l">English</subfield>
  </datafield>
  <datafield tag="245" ind1="1" ind2="4">
    <subfield code="6">880-01</subfield>
    <subfield code="a">The Zambrow memorial book :</subfield>
    <subfield code="b">in memory of a martyred community that was exterminated H.y.d. = Sefer Zambrov - Zembrove /</subfield>
    <subfield code="c">Dr. Yom-Tov Levinsky, editor ; English translation prepared and published by Jacob Solomon Berger.</subfield>
  </datafield>
  <datafield tag="880" ind1="0" ind2="4">
    <subfield code="6">245-01/(2/r</subfield>
    <subfield code="a">The Zambrow memorial book :</subfield>
    <subfield code="b">in memory of a martyred community that was exterminated H.y.d. = ספר זאמברוב - זעמבראווע /</subfield>
    <subfield code="c">Dr. Yom-Tov Levinsky, editor.</subfield>
  </datafield>
  <datafield tag="246" ind1="1" ind2="4">
    <subfield code="6">880-02</subfield>
    <subfield code="a">Zambrow = Zambrov = Zembroṿe</subfield>
  </datafield>
  <datafield tag="880" ind1="1" ind2="4">
    <subfield code="6">246-02/(2/r</subfield>
    <subfield code="a">Zambrow = זאמברוב = ‏זעמבראווע</subfield>
  </datafield>
  <datafield tag="246" ind1="3" ind2="1">
    <subfield code="6">880-03</subfield>
    <subfield code="a">Sefer Zambrov - Zembrove</subfield>
  </datafield>
  <datafield tag="880" ind1="3" ind2="1">
    <subfield code="6">246-03/(2/r</subfield>
    <subfield code="a">ספר זאמברוב - זעמבראווע.</subfield>
  </datafield>
  <datafield tag="250" ind1=" " ind2=" ">
    <subfield code="a">First edition.</subfield>
  </datafield>
  <datafield tag="264" ind1=" " ind2="1">
    <subfield code="a">Mahwah, New Jersey :</subfield>
    <subfield code="b">Jacob Solomon Berger,</subfield>
    <subfield code="c">2016.</subfield>
  </datafield>
  <datafield tag="300" ind1=" " ind2=" ">
    <subfield code="a">546 pages :</subfield>
    <subfield code="b">illustrations ;</subfield>
    <subfield code="c">28 cm</subfield>
  </datafield>
  <datafield tag="336" ind1=" " ind2=" ">
    <subfield code="a">text</subfield>
    <subfield code="b">txt</subfield>
    <subfield code="2">rdacontent</subfield>
  </datafield>
  <datafield tag="337" ind1=" " ind2=" ">
    <subfield code="a">unmediated</subfield>
    <subfield code="b">n</subfield>
    <subfield code="2">rdamedia</subfield>
  </datafield>
  <datafield tag="338" ind1=" " ind2=" ">
    <subfield code="a">volume</subfield>
    <subfield code="b">nc</subfield>
    <subfield code="2">rdacarrier</subfield>
  </datafield>
  <datafield tag="500" ind1=" " ind2=" ">
    <subfield code="a">Includes index.</subfield>
  </datafield>
  <datafield tag="650" ind1=" " ind2="0">
    <subfield code="a">Jews</subfield>
    <subfield code="z">Poland</subfield>
    <subfield code="z">Zambrów</subfield>
    <subfield code="x">History.</subfield>
  </datafield>
  <datafield tag="650" ind1=" " ind2="0">
    <subfield code="a">Holocaust, Jewish (1939-1945)</subfield>
    <subfield code="z">Poland</subfield>
    <subfield code="z">Zambrów.</subfield>
  </datafield>
  <datafield tag="650" ind1=" " ind2="0">
    <subfield code="a">Jews</subfield>
    <subfield code="x">Persecutions</subfield>
    <subfield code="z">Poland</subfield>
    <subfield code="z">Zambrów.</subfield>
  </datafield>
  <datafield tag="651" ind1=" " ind2="0">
    <subfield code="a">Zambrów (Poland)</subfield>
    <subfield code="x">Ethnic relations.</subfield>
  </datafield>
  <datafield tag="700" ind1="1" ind2=" ">
    <subfield code="a">Lewinsky, Yom-Tov,</subfield>
    <subfield code="d">1899-1973,</subfield>
    <subfield code="e">editor.</subfield>
  </datafield>
  <datafield tag="700" ind1="1" ind2=" ">
    <subfield code="a">Berger, Jacob Solomon,</subfield>
    <subfield code="e">translator.</subfield>
  </datafield>
  <datafield tag="952" ind1=" " ind2=" ">
    <subfield code="a">Limited editions, heavily used -- keep both copies.</subfield>
  </datafield>
</record>