
<record>
  <leader>01012cam a22002297i 4500</leader>
  <controlfield tag="001">18513869</controlfield>
  <controlfield tag="005">20200103120542.0</controlfield>
  <controlfield tag="008">141207s2015    is            000 0 heb  </controlfield>
  <datafield tag="035" ind1=" " ind2=" ">
    <subfield code="a">(IsJeAIW)wb2015406280</subfield>
  </datafield>
  <datafield tag="040" ind1=" " ind2=" ">
    <subfield code="a">DLC</subfield>
    <subfield code="b">eng</subfield>
    <subfield code="c">DLC</subfield>
    <subfield code="e">rda</subfield>
  </datafield>
  <datafield tag="066" ind1=" " ind2=" ">
    <subfield code="c">(2</subfield>
  </datafield>
  <datafield tag="245" ind1="0" ind2="0">
    <subfield code="6">880-01</subfield>
    <subfield code="a">Mishnah berurah :</subfield>
    <subfield code="b">mivḥan mispar 73-78.</subfield>
  </datafield>
  <datafield tag="260" ind1=" " ind2=" ">
    <subfield code="6">880-02</subfield>
    <subfield code="a">[Tel Aviv?] :</subfield>
    <subfield code="b">Dirshu ha-Shem ṿe-ʻuzo, ḳeren ʻolamit,</subfield>
    <subfield code="c">[2015?]</subfield>
  </datafield>
  <datafield tag="300" ind1=" " ind2=" ">
    <subfield code="a">78 volume ;</subfield>
    <subfield code="c">24 cm</subfield>
  </datafield>
  <datafield tag="336" ind1=" " ind2=" ">
    <subfield code="a">text</subfield>
    <subfield code="2">rdacontent</subfield>
  </datafield>
  <datafield tag="337" ind1=" " ind2=" ">
    <subfield code="a">unmediated</subfield>
    <subfield code="2">rdamedia</subfield>
  </datafield>
  <datafield tag="338" ind1=" " ind2=" ">
    <subfield code="a">volume</subfield>
    <subfield code="2">rdacarrier</subfield>
  </datafield>
  <datafield tag="520" ind1=" " ind2=" ">
    <subfield code="a">ʻim beʼurim u-misafim ...</subfield>
  </datafield>
  <datafield tag="752" ind1=" " ind2=" ">
    <subfield code="a">Israel</subfield>
    <subfield code="d">Tel Aviv.</subfield>
  </datafield>
  <datafield tag="880" ind1="0" ind2="0">
    <subfield code="6">245-01/(2/r</subfield>
    <subfield code="a">משנה ברורה ־ מבחן מס׳ ־ 73־78 : </subfield>
    <subfield code="b">עם ביאורים ומוספים...מס׳ 73: סימן תקס״ט־סימן תקפ״ד...מס׳ 74: תקפ״ד־תקצ״א... מס״ 75: תקצ״א־תרי״ג...מס׳ 76: תרי״ג־תרכ״ח... מס׳ 77: תרכ״ח־תרל״ד...מס׳ 78: תרל״ד־תרמ״ב.</subfield>
  </datafield>
  <datafield tag="923" ind1=" " ind2=" ">
    <subfield code="d">20150209</subfield>
    <subfield code="n">26207</subfield>
  </datafield>
  <datafield tag="985" ind1=" " ind2=" ">
    <subfield code="e">VENDOR LOAD</subfield>
  </datafield>
</record>