
<record>
  <leader>02173cam a22003497i 4500</leader>
  <controlfield tag="001">18519058</controlfield>
  <controlfield tag="005">20200103150445.0</controlfield>
  <controlfield tag="008">150306s2016    nyu      b    000 0 eng c</controlfield>
  <datafield tag="906" ind1=" " ind2=" ">
    <subfield code="a">7</subfield>
    <subfield code="b">cbc</subfield>
    <subfield code="c">orignew</subfield>
    <subfield code="d">1</subfield>
    <subfield code="e">ecip</subfield>
    <subfield code="f">20</subfield>
    <subfield code="g">y-gencatlg</subfield>
  </datafield>
  <datafield tag="925" ind1="0" ind2=" ">
    <subfield code="a">acquire</subfield>
    <subfield code="b">1 shelf copy</subfield>
    <subfield code="x">policy default</subfield>
    <subfield code="e">claim1  2015-12-02</subfield>
    <subfield code="e">claim2  2016-04-05</subfield>
    <subfield code="e">to CAD  2016-09-08</subfield>
  </datafield>
  <datafield tag="955" ind1=" " ind2=" ">
    <subfield code="a">IEN</subfield>
    <subfield code="w">xl03 2015-03-30</subfield>
    <subfield code="a">xn11 2017-07-21 1 copy rec&apos;d., to CIP ver.</subfield>
    <subfield code="f">rm06 2017-07-28 to CALM</subfield>
  </datafield>
  <datafield tag="010" ind1=" " ind2=" ">
    <subfield code="a">  2015009258</subfield>
  </datafield>
  <datafield tag="020" ind1=" " ind2=" ">
    <subfield code="a">9781138921306 (hb)</subfield>
  </datafield>
  <datafield tag="020" ind1=" " ind2=" ">
    <subfield code="a">9781138921313 (pb)</subfield>
  </datafield>
  <datafield tag="020" ind1=" " ind2=" ">
    <subfield code="a">9781315686455 (ebook)</subfield>
  </datafield>
  <datafield tag="040" ind1=" " ind2=" ">
    <subfield code="a">IEN/DLC</subfield>
    <subfield code="b">eng</subfield>
    <subfield code="c">IEN</subfield>
    <subfield code="e">rda</subfield>
    <subfield code="d">DLC</subfield>
  </datafield>
  <datafield tag="050" ind1="0" ind2="0">
    <subfield code="a">HD75.6</subfield>
    <subfield code="b">.G46 2016</subfield>
  </datafield>
  <datafield tag="082" ind1="0" ind2="0">
    <subfield code="a">338.90082</subfield>
    <subfield code="2">23</subfield>
  </datafield>
  <datafield tag="245" ind1="0" ind2="0">
    <subfield code="a">Gender equality and sustainable development /</subfield>
    <subfield code="c">edited by Melissa Leach.</subfield>
  </datafield>
  <datafield tag="264" ind1=" " ind2="1">
    <subfield code="a">London ;</subfield>
    <subfield code="a">New York :</subfield>
    <subfield code="b">Routledge, Taylor &amp; Francis Group,</subfield>
    <subfield code="c">2016.</subfield>
  </datafield>
  <datafield tag="300" ind1=" " ind2=" ">
    <subfield code="a">xviii, 209 pages ;</subfield>
    <subfield code="c">24 cm</subfield>
  </datafield>
  <datafield tag="336" ind1=" " ind2=" ">
    <subfield code="a">text</subfield>
    <subfield code="b">txt</subfield>
    <subfield code="2">rdacontent</subfield>
  </datafield>
  <datafield tag="337" ind1=" " ind2=" ">
    <subfield code="a">unmediated</subfield>
    <subfield code="b">n</subfield>
    <subfield code="2">rdamedia</subfield>
  </datafield>
  <datafield tag="338" ind1=" " ind2=" ">
    <subfield code="a">volume</subfield>
    <subfield code="b">nc</subfield>
    <subfield code="2">rdacarrier</subfield>
  </datafield>
  <datafield tag="504" ind1=" " ind2=" ">
    <subfield code="a">Includes bibliographical references (pages 165-201).</subfield>
  </datafield>
  <datafield tag="505" ind1="0" ind2="0">
    <subfield code="t">Sustainable development : a gendered pathways approach /</subfield>
    <subfield code="r">Melissa Leach, Lyla Mehta and Preetha Prabhakaran --</subfield>
    <subfield code="t">Pathways towards sustainability in the context of globalization : a gendered perspective on growth, macro policy, and employment /</subfield>
    <subfield code="r">Elissa Braunstein and Mimi Houston --</subfield>
    <subfield code="t">Population, sustainable development and gender equality /</subfield>
    <subfield code="r">Betsy Hartmann, Anne Hendrixson and Jade Sasser --</subfield>
    <subfield code="t">Re-framing food security as if gender equality and sustainability mattered /</subfield>
    <subfield code="r">Sakiko Fukuda-Parr --</subfield>
    <subfield code="t">Gender and land grabs in comparative perspective /</subfield>
    <subfield code="r">Michael Levien --</subfield>
    <subfield code="t">Transformative investments for gender-equal sustainable development /</subfield>
    <subfield code="r">Isha Ray --</subfield>
    <subfield code="t">Gender equality and sustainable development : the limits and potential of global policy reports /</subfield>
    <subfield code="r">Shahra Razavi and Seemin Qayum.</subfield>
  </datafield>
  <datafield tag="650" ind1=" " ind2="0">
    <subfield code="a">Sustainable development.</subfield>
  </datafield>
  <datafield tag="650" ind1=" " ind2="0">
    <subfield code="a">Women in sustainable development.</subfield>
  </datafield>
  <datafield tag="650" ind1=" " ind2="0">
    <subfield code="a">Women&apos;s rights.</subfield>
  </datafield>
  <datafield tag="700" ind1="1" ind2=" ">
    <subfield code="a">Leach, Melissa,</subfield>
    <subfield code="e">editor.</subfield>
  </datafield>
  <datafield tag="963" ind1=" " ind2=" ">
    <subfield code="a">Margaret Farrelly; phone: +44-2075519055; email: margaret.farrelly@tandf.co.uk; bc: christopher.byrne@tandf.co.uk</subfield>
  </datafield>
  <datafield tag="985" ind1=" " ind2=" ">
    <subfield code="a">IENCIP</subfield>
    <subfield code="d">2015-03-09</subfield>
  </datafield>
</record>