
<record>
  <leader>03229cam a22003497i 4500</leader>
  <controlfield tag="001">18525678</controlfield>
  <controlfield tag="005">20200103150445.0</controlfield>
  <controlfield tag="008">150313s2016    nyu      b    001 0 eng  </controlfield>
  <datafield tag="906" ind1=" " ind2=" ">
    <subfield code="a">7</subfield>
    <subfield code="b">cbc</subfield>
    <subfield code="c">orignew</subfield>
    <subfield code="d">1</subfield>
    <subfield code="e">ecip</subfield>
    <subfield code="f">20</subfield>
    <subfield code="g">y-gencatlg</subfield>
  </datafield>
  <datafield tag="925" ind1="0" ind2=" ">
    <subfield code="a">acquire</subfield>
    <subfield code="b">1 shelf copy</subfield>
    <subfield code="x">policy default</subfield>
  </datafield>
  <datafield tag="955" ind1=" " ind2=" ">
    <subfield code="b">rm13 2015-03-13</subfield>
    <subfield code="i">rm13 2015-03-13 (telework)</subfield>
    <subfield code="w">xl06 2015-03-16</subfield>
    <subfield code="a">xn05 2015-11-23 1 copy rec&apos;d., to CIP ver.</subfield>
    <subfield code="f">rm06 2016-01-08 to CALM</subfield>
  </datafield>
  <datafield tag="010" ind1=" " ind2=" ">
    <subfield code="a">  2015009431</subfield>
  </datafield>
  <datafield tag="020" ind1=" " ind2=" ">
    <subfield code="a">9780415738064 (hardback)</subfield>
  </datafield>
  <datafield tag="020" ind1=" " ind2=" ">
    <subfield code="z">9781315817606 (ebook)</subfield>
  </datafield>
  <datafield tag="040" ind1=" " ind2=" ">
    <subfield code="a">DLC</subfield>
    <subfield code="b">eng</subfield>
    <subfield code="c">DLC</subfield>
    <subfield code="e">rda</subfield>
    <subfield code="d">DLC</subfield>
  </datafield>
  <datafield tag="050" ind1="0" ind2="0">
    <subfield code="a">HQ1062</subfield>
    <subfield code="b">.A395 2016</subfield>
  </datafield>
  <datafield tag="082" ind1="0" ind2="0">
    <subfield code="a">305.26086/912</subfield>
    <subfield code="2">23</subfield>
  </datafield>
  <datafield tag="245" ind1="0" ind2="0">
    <subfield code="a">Ageing in contexts of migration /</subfield>
    <subfield code="c">edited by Ute Karl and Sandra Torres.</subfield>
  </datafield>
  <datafield tag="250" ind1=" " ind2=" ">
    <subfield code="a">1 Edition.</subfield>
  </datafield>
  <datafield tag="264" ind1=" " ind2="1">
    <subfield code="a">New York, NY :</subfield>
    <subfield code="b">Routledge,</subfield>
    <subfield code="c">2016.</subfield>
  </datafield>
  <datafield tag="300" ind1=" " ind2=" ">
    <subfield code="a">xx, 203 pages ;</subfield>
    <subfield code="c">24 cm</subfield>
  </datafield>
  <datafield tag="336" ind1=" " ind2=" ">
    <subfield code="a">text</subfield>
    <subfield code="2">rdacontent</subfield>
  </datafield>
  <datafield tag="337" ind1=" " ind2=" ">
    <subfield code="a">unmediated</subfield>
    <subfield code="2">rdamedia</subfield>
  </datafield>
  <datafield tag="338" ind1=" " ind2=" ">
    <subfield code="a">volume</subfield>
    <subfield code="2">rdacarrier</subfield>
  </datafield>
  <datafield tag="490" ind1="0" ind2=" ">
    <subfield code="a">Routledge advances in sociology</subfield>
  </datafield>
  <datafield tag="504" ind1=" " ind2=" ">
    <subfield code="a">Includes bibliographical references and index.</subfield>
  </datafield>
  <datafield tag="505" ind1="0" ind2=" ">
    <subfield code="a">Introduction: a migration lens on inquiries into ageing, old age, elderly care : carving a space while assessing the state of affairs / Sandra Torres &amp; Ute Karl -- Elderly Care Regimes and Migration Regimes : National perspectives -- At the intersection between an elderly care regime and a migration regime : the Swedish case as an example / Sandra Torres -- The elderly care regime and migration regime after the EU accession : the case of Poland / Jolanta Perek-Bialas &amp; Krystyna Slany -- Elderly migrants in Luxembourg : diversity and inequality / Paul Zahlen -- UK&apos;s elderly care and migration regimes / Anya Ahmed -- Troublesome movements : migration and ageing regimes in Germany / Hans-Joachim von Kondratowitz -- Ageing in the context of migration : a multifaceted phenomenon -- Older migrants&apos; ageing and dying : an intergenerational perspective / Claudine Attias-Donfut -- Is there a way back? : a state-of-the-art review of the literature on retirement return migration / Ruxandra Oana Ciobanu &amp; Anne Carolina Ramos -- Expectations of care and support in old age by Bangladeshi and Pakistani elders / Christina Victor &amp; Maria Zubair -- Migrants&apos; post-retirement practices : a migratory life-course approach to the study of work / Ute Karl &amp; Anne Carolina Ramos -- Yearning to be free : the American dreams and ageing realities of older migrants from the USSR / Allen Glicksman -- Elderly care in the context of migration -- Migrant homecare workers in elder care : the state of the art / Esther Iecovich -- The employment of migrant workers in Italy&apos;s elder care : Opportunities and challenges / Francesco Barbabella, Mirko Di Rosa, Maria Gabriella Melchiorre &amp; Giovanni Lamura -- More diversity, better quality of care : constructions of professional identity and work culture among migrant care workers in Denmark / Tine Rostgaard -- The perceived differences in the recognition of migrant care workers&apos; credentials in Germany / Johanna Krawietz &amp; Stefanie Visel.</subfield>
  </datafield>
  <datafield tag="650" ind1=" " ind2="0">
    <subfield code="a">Immigrants</subfield>
    <subfield code="x">Retirement.</subfield>
  </datafield>
  <datafield tag="650" ind1=" " ind2="0">
    <subfield code="a">Older immigrants</subfield>
    <subfield code="x">Care.</subfield>
  </datafield>
  <datafield tag="650" ind1=" " ind2="0">
    <subfield code="a">Globalization</subfield>
    <subfield code="x">Social aspects.</subfield>
  </datafield>
  <datafield tag="700" ind1="1" ind2=" ">
    <subfield code="a">Karl, Ute,</subfield>
    <subfield code="e">editor.</subfield>
  </datafield>
  <datafield tag="700" ind1="1" ind2=" ">
    <subfield code="a">Torres, Sandra,</subfield>
    <subfield code="d">1968-</subfield>
    <subfield code="e">editor.</subfield>
  </datafield>
</record>