
<record>
  <leader>05576cam a22004217i 4500</leader>
  <controlfield tag="001">18533875</controlfield>
  <controlfield tag="005">20200103120548.0</controlfield>
  <controlfield tag="008">150319s2015    nyu      b    001 0 eng  </controlfield>
  <datafield tag="906" ind1=" " ind2=" ">
    <subfield code="a">7</subfield>
    <subfield code="b">cbc</subfield>
    <subfield code="c">orignew</subfield>
    <subfield code="d">1</subfield>
    <subfield code="e">ecip</subfield>
    <subfield code="f">20</subfield>
    <subfield code="g">y-gencatlg</subfield>
  </datafield>
  <datafield tag="925" ind1="0" ind2=" ">
    <subfield code="a">acquire</subfield>
    <subfield code="b">1 shelf copy</subfield>
    <subfield code="x">policy default</subfield>
    <subfield code="e">claim1  2015-12-02</subfield>
    <subfield code="e">claim2  2016-04-05</subfield>
  </datafield>
  <datafield tag="955" ind1=" " ind2=" ">
    <subfield code="b">rm13 2015-03-19</subfield>
    <subfield code="i">rm13 2015-03-19 ONIX (telework)</subfield>
    <subfield code="w">xl03 2015-03-23</subfield>
    <subfield code="a">xn08 2016-04-13 1 copy rec&apos;d., to CIP ver.</subfield>
    <subfield code="f">rm06 2016-05-10 to CALM</subfield>
  </datafield>
  <datafield tag="010" ind1=" " ind2=" ">
    <subfield code="a">  2015005085</subfield>
  </datafield>
  <datafield tag="020" ind1=" " ind2=" ">
    <subfield code="a">9781137441553 (hardback)</subfield>
  </datafield>
  <datafield tag="040" ind1=" " ind2=" ">
    <subfield code="a">DLC</subfield>
    <subfield code="b">eng</subfield>
    <subfield code="c">DLC</subfield>
    <subfield code="e">rda</subfield>
    <subfield code="d">DLC</subfield>
  </datafield>
  <datafield tag="043" ind1=" " ind2=" ">
    <subfield code="a">e------</subfield>
  </datafield>
  <datafield tag="050" ind1="0" ind2="0">
    <subfield code="a">HB3717 2008</subfield>
    <subfield code="b">.B377 2015</subfield>
  </datafield>
  <datafield tag="082" ind1="0" ind2="0">
    <subfield code="a">332/.042094</subfield>
    <subfield code="2">23</subfield>
  </datafield>
  <datafield tag="084" ind1=" " ind2=" ">
    <subfield code="a">BUS027000</subfield>
    <subfield code="a">BUS079000</subfield>
    <subfield code="a">LAW009000</subfield>
    <subfield code="2">bisacsh</subfield>
  </datafield>
  <datafield tag="100" ind1="1" ind2=" ">
    <subfield code="a">Bassan, Fabio.</subfield>
  </datafield>
  <datafield tag="245" ind1="1" ind2="0">
    <subfield code="a">From saviour to guarantor :</subfield>
    <subfield code="b">EU member states&apos; economic intervention during the financial crisis /</subfield>
    <subfield code="c">Fabio Bassan, Professor of International Economic Law and European Law, University of Roma Tre, Italy, and Carlo D. Mottura, Professor of Financial Mathematics and Risk Management, University of Roma Tre, Italy.</subfield>
  </datafield>
  <datafield tag="264" ind1=" " ind2="1">
    <subfield code="a">New York :</subfield>
    <subfield code="b">Palgrave Macmillan,</subfield>
    <subfield code="c">2015.</subfield>
  </datafield>
  <datafield tag="300" ind1=" " ind2=" ">
    <subfield code="a">xvi, 159 pages ;</subfield>
    <subfield code="c">23 cm</subfield>
  </datafield>
  <datafield tag="336" ind1=" " ind2=" ">
    <subfield code="a">text</subfield>
    <subfield code="2">rdacontent</subfield>
  </datafield>
  <datafield tag="337" ind1=" " ind2=" ">
    <subfield code="a">unmediated</subfield>
    <subfield code="2">rdamedia</subfield>
  </datafield>
  <datafield tag="338" ind1=" " ind2=" ">
    <subfield code="a">volume</subfield>
    <subfield code="2">rdacarrier</subfield>
  </datafield>
  <datafield tag="490" ind1="0" ind2=" ">
    <subfield code="a">Roma Tre business and finance collection</subfield>
  </datafield>
  <datafield tag="504" ind1=" " ind2=" ">
    <subfield code="a">Includes bibliographical references (pages 151-155) and index.</subfield>
  </datafield>
  <datafield tag="520" ind1=" " ind2=" ">
    <subfield code="a">&quot;State guarantees commonly function as financial panacea, allowing states to consolidate banking systems and create intergovernmental funds. Rules surrounding state guarantees were relaxed during the 2007-2008 financial crisis, allowing states to use them for financing small and medium-sized enterprises (SMEs) and workers&apos; severance payments. Despite many multi-level interventions in many areas after the financial crisis, from international treaties to EU regulations, no specific regulation has been put in place to control state guarantees.This book addresses the subject of state guarantees in the Eurozone, and questions the stability of the instruments implemented so far by states and by the European Union. Using a methodology combining law and finance, it examines the tools adopted by European institutions and Member States in the EU&apos;s evolving institutional context, in order to evaluate the effectiveness of the tools themselves as well as of the new European institutional framework. It also addresses the unconventional measures adopted by the European Central Bank, its role as safeguard for European state guarantees and its interaction with the European Union and national courts. In From Saviour to Guarantor the authors suggest that the absence of specific regulatory interventions and the variety and vagueness of existing rules has resulted in state guarantees further destabilising public international finance. &quot;--</subfield>
    <subfield code="c">Provided by publisher.</subfield>
  </datafield>
  <datafield tag="505" ind1="8" ind2=" ">
    <subfield code="a">Machine generated contents note: -- Introduction -- PART I: THE EU&apos;S INSTITUTIONAL ACTION -- 1. The EU Action To Face The Crisis -- 1.1 EU Action In Support Of The Member States&apos; Public Debt -- 1.2 EU Action In Support Of The Banking System -- 1.3 Eurostat Public Contingent Liabilities -- 1.4 Differences Between EU And US Actions -- 2. State Guarantees And State Aid -- PART II: THE FINANCIAL VALUATION OF A GUARANTEE CONTRACT -- 3. The Defaultable Guarantee Contract. -- 3.1 The Guarantee Contract And Credit Derivatives Market -- 3.2 The Relevant Issues. -- 4. Valuation Under A Standard Model. -- PART III: THE STATE GUARANTEES IN THE EU -- A) State Guarantees For The Safeguard Of The Euro -- 5. Guarantees In Favour Of The European Stability Mechanism (ESM) -- 5.1 The Financial Scheme -- 5.2 Main Features Of The Guarantees -- 6. Effects Of The Guarantees -- 6.1 Valuation And &apos;Model Risk&apos; -- 6.2 The Lack Of Effective Sanctioning Instruments -- 6.3 Different Sovereignties For Eurozone Member States -- 6.4 The ECB And The Lever Of Archimedes -- B) State Guarantees For The Stability Of The Banking System -- 7. The State Guarantees To Cover Bank Debt -- 7.1 The Financial Scheme -- 7.2 Main Features Of The Guarantees -- 8. Effects Of The Guarantees -- 8.1 Legal Guarantee Fee And Market Price -- 8.2 Moral Hazard Effects -- 8.3 Distortions In Banking Competition -- 8.4 Member State Guarantees And EU Coordination -- PART IV: INNOVATION AND CRISIS-FIGHTING MEASURES IN THE EU -- 9. The Instruments That Triggered The Crisis In 2007-2008 -- 9.1 The &apos;Path&apos; Of Risk: From Private Individuals To Banks -- 9.2 (Continued): From Banks To Markets -- 9.3 (Continued): From Markets To States -- 9.4 Cultural Sustainability Of Innovation In Anti-Crisis Public Finance -- 10. The ECB&apos;s Unconventional Measures Facing The Challenge Of Markets And National Courts -- 10.1 Characteristics Of The Main Unconventional Measures -- 10.2 The Scope Of The Measures As Outlined By The ECB And By The Case Law -- 10.3 Application Of The Constraints Set By The Bverfg For Omts To Other Unconventional Measures -- Conclusions.</subfield>
  </datafield>
  <datafield tag="650" ind1=" " ind2="0">
    <subfield code="a">Global Financial Crisis, 2008-2009.</subfield>
  </datafield>
  <datafield tag="651" ind1=" " ind2="0">
    <subfield code="a">European Union countries</subfield>
    <subfield code="x">Economic policy</subfield>
    <subfield code="y">21st century.</subfield>
  </datafield>
  <datafield tag="651" ind1=" " ind2="0">
    <subfield code="a">Fiscal policy</subfield>
    <subfield code="z">European Union countries.</subfield>
  </datafield>
  <datafield tag="650" ind1=" " ind2="0">
    <subfield code="a">Banks and banking</subfield>
    <subfield code="z">European Union countries</subfield>
    <subfield code="x">Government policy.</subfield>
  </datafield>
  <datafield tag="650" ind1=" " ind2="0">
    <subfield code="a">Financial services industry</subfield>
    <subfield code="z">European Union countries</subfield>
    <subfield code="x">State supervision.</subfield>
  </datafield>
  <datafield tag="650" ind1=" " ind2="7">
    <subfield code="a">BUSINESS &amp; ECONOMICS / Finance.</subfield>
    <subfield code="2">bisacsh</subfield>
  </datafield>
  <datafield tag="650" ind1=" " ind2="7">
    <subfield code="a">BUSINESS &amp; ECONOMICS / Government &amp; Business.</subfield>
    <subfield code="2">bisacsh</subfield>
  </datafield>
  <datafield tag="650" ind1=" " ind2="7">
    <subfield code="a">LAW / Business &amp; Financial.</subfield>
    <subfield code="2">bisacsh</subfield>
  </datafield>
  <datafield tag="700" ind1="1" ind2=" ">
    <subfield code="a">Mottura, Carlo D.,</subfield>
    <subfield code="d">1963-</subfield>
  </datafield>
</record>